timestamp,price,volume
2025-10-01 09:15:18+05:30,235.85,75
2025-10-01 09:15:18+05:30,237.25,75
2025-10-01 09:15:19+05:30,238.85,75
2025-10-01 09:15:19+05:30,237.95,75
2025-10-01 09:15:20+05:30,235.8,75
2025-10-01 09:15:20+05:30,235.3,75
2025-10-01 09:15:21+05:30,235.4,75
2025-10-01 09:15:22+05:30,235.8,75
2025-10-01 09:15:22+05:30,234.3,75
2025-10-01 09:15:23+05:30,233.5,75
2025-10-01 09:15:23+05:30,233.95,75
2025-10-01 09:15:24+05:30,233.55,75
2025-10-01 09:15:24+05:30,233.55,75
2025-10-01 09:15:25+05:30,234.5,75
2025-10-01 09:15:25+05:30,234.5,75
2025-10-01 09:15:26+05:30,231.85,75
2025-10-01 09:15:27+05:30,231.4,75
2025-10-01 09:15:27+05:30,230.3,75
2025-10-01 09:15:28+05:30,229.65,150
2025-10-01 09:15:28+05:30,229.9,75
2025-10-01 09:15:29+05:30,229.75,75
2025-10-01 09:15:29+05:30,229.65,75
2025-10-01 09:15:30+05:30,229.65,75
2025-10-01 09:15:30+05:30,229.75,75
2025-10-01 09:15:31+05:30,228.9,75
2025-10-01 09:15:31+05:30,229.45,75
2025-10-01 09:15:32+05:30,229.9,75
2025-10-01 09:15:32+05:30,229.9,75
2025-10-01 09:15:33+05:30,231.5,225
2025-10-01 09:15:33+05:30,231.5,225
2025-10-01 09:15:34+05:30,231.3,75
2025-10-01 09:15:35+05:30,232.05,150
2025-10-01 09:15:35+05:30,232.85,75
2025-10-01 09:15:36+05:30,233.3,75
2025-10-01 09:15:36+05:30,233.45,75
2025-10-01 09:15:37+05:30,230.5,825
2025-10-01 09:15:37+05:30,230.5,825
2025-10-01 09:15:38+05:30,230.6,75
2025-10-01 09:15:39+05:30,230.95,75
2025-10-01 09:15:39+05:30,231.8,75
2025-10-01 09:15:40+05:30,232.35,75
2025-10-01 09:15:40+05:30,232.9,75
2025-10-01 09:15:41+05:30,232.5,75
2025-10-01 09:15:42+05:30,232.6,225
2025-10-01 09:15:42+05:30,232.4,75
2025-10-01 09:15:43+05:30,231.0,225
2025-10-01 09:15:43+05:30,230.7,75
2025-10-01 09:15:44+05:30,231.35,75
2025-10-01 09:15:44+05:30,230.9,225
2025-10-01 09:15:45+05:30,230.7,75
2025-10-01 09:15:46+05:30,230.1,75
2025-10-01 09:15:46+05:30,229.6,75
2025-10-01 09:15:47+05:30,230.25,150
2025-10-01 09:15:47+05:30,230.25,150
2025-10-01 09:15:48+05:30,230.25,150
2025-10-01 09:15:48+05:30,229.3,75
2025-10-01 09:15:49+05:30,228.6,225
2025-10-01 09:15:50+05:30,229.1,150
2025-10-01 09:15:50+05:30,227.75,75
2025-10-01 09:15:51+05:30,228.2,75
2025-10-01 09:15:51+05:30,228.2,75
2025-10-01 09:15:52+05:30,228.55,75
2025-10-01 09:15:52+05:30,228.55,75
2025-10-01 09:15:53+05:30,228.0,75
2025-10-01 09:15:54+05:30,227.3,150
2025-10-01 09:15:54+05:30,227.85,75
2025-10-01 09:15:55+05:30,225.95,75
2025-10-01 09:15:55+05:30,225.25,75
2025-10-01 09:15:56+05:30,226.75,75
2025-10-01 09:15:56+05:30,226.75,75
2025-10-01 09:15:57+05:30,226.6,75
2025-10-01 09:15:57+05:30,227.3,75
2025-10-01 09:15:58+05:30,227.3,75
2025-10-01 09:15:59+05:30,226.2,75
2025-10-01 09:15:59+05:30,226.0,150
2025-10-01 09:16:00+05:30,226.0,150
2025-10-01 09:16:00+05:30,227.25,75
2025-10-01 09:16:00+05:30,227.45,525
2025-10-01 09:16:01+05:30,225.15,150
2025-10-01 09:16:01+05:30,225.45,75
2025-10-01 09:16:02+05:30,225.1,75
2025-10-01 09:16:03+05:30,223.25,75
2025-10-01 09:16:03+05:30,224.35,75
2025-10-01 09:16:04+05:30,226.0,75
2025-10-01 09:16:04+05:30,225.7,225
2025-10-01 09:16:05+05:30,225.95,150
2025-10-01 09:16:05+05:30,227.05,150
2025-10-01 09:16:06+05:30,227.3,75
2025-10-01 09:16:07+05:30,227.4,75
2025-10-01 09:16:07+05:30,227.45,150
2025-10-01 09:16:08+05:30,228.25,75
2025-10-01 09:16:08+05:30,229.6,225
2025-10-01 09:16:09+05:30,228.65,75
2025-10-01 09:16:09+05:30,229.25,75
2025-10-01 09:16:10+05:30,226.6,75
2025-10-01 09:16:11+05:30,226.55,300
2025-10-01 09:16:11+05:30,226.8,225
2025-10-01 09:16:12+05:30,228.05,75
2025-10-01 09:16:12+05:30,228.05,75
2025-10-01 09:16:13+05:30,227.7,150
2025-10-01 09:16:14+05:30,227.1,225
2025-10-01 09:16:14+05:30,228.25,75
2025-10-01 09:16:15+05:30,227.55,75
2025-10-01 09:16:15+05:30,228.35,75
2025-10-01 09:16:16+05:30,227.0,75
2025-10-01 09:16:16+05:30,227.35,75
2025-10-01 09:16:17+05:30,225.4,75
2025-10-01 09:16:18+05:30,224.8,75
2025-10-01 09:16:18+05:30,224.9,75
2025-10-01 09:16:19+05:30,225.5,75
2025-10-01 09:16:19+05:30,225.5,75
2025-10-01 09:16:20+05:30,225.5,75
2025-10-01 09:16:21+05:30,225.05,75
2025-10-01 09:16:22+05:30,225.5,75
2025-10-01 09:16:22+05:30,226.65,75
2025-10-01 09:16:23+05:30,225.05,75
2025-10-01 09:16:23+05:30,225.9,75
2025-10-01 09:16:24+05:30,225.6,150
2025-10-01 09:16:24+05:30,225.9,75
2025-10-01 09:16:25+05:30,224.9,75
2025-10-01 09:16:25+05:30,225.0,75
2025-10-01 09:16:26+05:30,224.85,75
2025-10-01 09:16:26+05:30,225.0,75
2025-10-01 09:16:27+05:30,225.2,225
2025-10-01 09:16:28+05:30,225.2,225
2025-10-01 09:16:28+05:30,226.6,75
2025-10-01 09:16:29+05:30,225.4,75
2025-10-01 09:16:29+05:30,225.4,75
2025-10-01 09:16:30+05:30,225.4,75
2025-10-01 09:16:30+05:30,224.85,75
2025-10-01 09:16:30+05:30,224.95,75
2025-10-01 09:16:31+05:30,225.0,75
2025-10-01 09:16:31+05:30,225.0,75
2025-10-01 09:16:32+05:30,225.85,75
2025-10-01 09:16:33+05:30,225.6,75
2025-10-01 09:16:33+05:30,225.3,75
2025-10-01 09:16:34+05:30,224.95,75
2025-10-01 09:16:34+05:30,224.25,75
2025-10-01 09:16:35+05:30,223.85,75
2025-10-01 09:16:35+05:30,223.65,75
2025-10-01 09:16:36+05:30,222.55,75
2025-10-01 09:16:37+05:30,222.85,75
2025-10-01 09:16:37+05:30,221.55,75
2025-10-01 09:16:38+05:30,221.25,75
2025-10-01 09:16:38+05:30,221.3,75
2025-10-01 09:16:39+05:30,220.65,75
2025-10-01 09:16:39+05:30,220.65,75
2025-10-01 09:16:40+05:30,220.1,75
2025-10-01 09:16:40+05:30,220.75,75
2025-10-01 09:16:41+05:30,219.0,150
2025-10-01 09:16:42+05:30,218.8,75
2025-10-01 09:16:42+05:30,219.05,75
2025-10-01 09:16:43+05:30,219.3,75
2025-10-01 09:16:43+05:30,219.8,75
2025-10-01 09:16:44+05:30,220.95,75
2025-10-01 09:16:45+05:30,221.25,75
2025-10-01 09:16:45+05:30,221.0,75
2025-10-01 09:16:46+05:30,222.6,75
2025-10-01 09:16:46+05:30,223.0,75
2025-10-01 09:16:47+05:30,221.8,75
2025-10-01 09:16:47+05:30,221.0,75
2025-10-01 09:16:48+05:30,221.9,75
2025-10-01 09:16:49+05:30,221.75,375
2025-10-01 09:16:49+05:30,222.2,75
2025-10-01 09:16:50+05:30,222.45,75
2025-10-01 09:16:50+05:30,221.4,75
2025-10-01 09:16:51+05:30,223.95,75
2025-10-01 09:16:51+05:30,223.3,75
2025-10-01 09:16:52+05:30,222.15,150
2025-10-01 09:16:53+05:30,221.75,150
2025-10-01 09:16:53+05:30,222.5,75
2025-10-01 09:16:54+05:30,223.35,75
2025-10-01 09:16:54+05:30,222.65,75
2025-10-01 09:16:55+05:30,222.4,75
2025-10-01 09:16:55+05:30,222.1,75
2025-10-01 09:16:56+05:30,221.65,75
2025-10-01 09:16:56+05:30,222.2,75
2025-10-01 09:16:57+05:30,221.9,75
2025-10-01 09:16:58+05:30,221.0,375
2025-10-01 09:16:58+05:30,221.0,75
2025-10-01 09:16:59+05:30,220.6,75
2025-10-01 09:16:59+05:30,221.3,75
2025-10-01 09:17:00+05:30,221.3,75
2025-10-01 09:17:00+05:30,221.0,75
2025-10-01 09:17:00+05:30,220.6,75
2025-10-01 09:17:01+05:30,220.25,150
2025-10-01 09:17:02+05:30,220.05,75
2025-10-01 09:17:02+05:30,219.75,75
2025-10-01 09:17:03+05:30,219.55,150
2025-10-01 09:17:03+05:30,220.25,75
2025-10-01 09:17:04+05:30,219.35,75
2025-10-01 09:17:04+05:30,219.35,75
2025-10-01 09:17:05+05:30,219.5,75
2025-10-01 09:17:06+05:30,219.0,1200
2025-10-01 09:17:06+05:30,219.05,75
2025-10-01 09:17:07+05:30,218.85,150
2025-10-01 09:17:07+05:30,219.35,75
2025-10-01 09:17:08+05:30,219.45,75
2025-10-01 09:17:08+05:30,219.45,75
2025-10-01 09:17:09+05:30,218.3,75
2025-10-01 09:17:10+05:30,217.8,75
2025-10-01 09:17:10+05:30,217.35,150
2025-10-01 09:17:11+05:30,217.75,75
2025-10-01 09:17:11+05:30,217.75,75
2025-10-01 09:17:12+05:30,219.1,75
2025-10-01 09:17:12+05:30,219.1,75
2025-10-01 09:17:13+05:30,219.05,75
2025-10-01 09:17:14+05:30,218.35,150
2025-10-01 09:17:15+05:30,220.25,75
2025-10-01 09:17:15+05:30,220.05,75
2025-10-01 09:17:15+05:30,220.1,150
2025-10-01 09:17:16+05:30,220.5,75
2025-10-01 09:17:16+05:30,220.5,75
2025-10-01 09:17:17+05:30,221.85,75
2025-10-01 09:17:18+05:30,221.5,75
2025-10-01 09:17:18+05:30,223.55,75
2025-10-01 09:17:19+05:30,222.2,75
2025-10-01 09:17:19+05:30,221.55,75
2025-10-01 09:17:20+05:30,223.2,75
2025-10-01 09:17:20+05:30,223.15,75
2025-10-01 09:17:21+05:30,223.35,150
2025-10-01 09:17:22+05:30,223.6,75
2025-10-01 09:17:22+05:30,222.05,150
2025-10-01 09:17:23+05:30,223.5,75
2025-10-01 09:17:23+05:30,224.05,75
2025-10-01 09:17:24+05:30,226.2,75
2025-10-01 09:17:24+05:30,226.2,75
2025-10-01 09:17:25+05:30,227.0,75
2025-10-01 09:17:26+05:30,225.9,150
2025-10-01 09:17:26+05:30,225.55,75
2025-10-01 09:17:27+05:30,226.35,75
2025-10-01 09:17:27+05:30,226.35,75
2025-10-01 09:17:28+05:30,228.05,300
2025-10-01 09:17:28+05:30,227.85,75
2025-10-01 09:17:29+05:30,227.85,75
2025-10-01 09:17:30+05:30,227.85,75
2025-10-01 09:17:30+05:30,227.5,150
2025-10-01 09:17:30+05:30,228.8,75
2025-10-01 09:17:31+05:30,229.15,225
2025-10-01 09:17:31+05:30,229.45,75
2025-10-01 09:17:32+05:30,229.1,75
2025-10-01 09:17:33+05:30,229.0,75
2025-10-01 09:17:33+05:30,229.15,75
2025-10-01 09:17:34+05:30,227.5,150
2025-10-01 09:17:34+05:30,227.65,75
2025-10-01 09:17:35+05:30,226.8,75
2025-10-01 09:17:35+05:30,226.6,150
2025-10-01 09:17:36+05:30,227.0,450
2025-10-01 09:17:36+05:30,227.45,75
2025-10-01 09:17:37+05:30,227.05,75
2025-10-01 09:17:38+05:30,229.75,150
2025-10-01 09:17:38+05:30,229.6,75
2025-10-01 09:17:39+05:30,228.7,225
2025-10-01 09:17:39+05:30,228.7,225
2025-10-01 09:17:40+05:30,229.75,75
2025-10-01 09:17:41+05:30,230.2,75
2025-10-01 09:17:41+05:30,230.4,75
2025-10-01 09:17:42+05:30,231.0,75
2025-10-01 09:17:42+05:30,231.0,75
2025-10-01 09:17:43+05:30,230.4,300
2025-10-01 09:17:43+05:30,230.4,300
2025-10-01 09:17:44+05:30,228.7,75
2025-10-01 09:17:44+05:30,228.7,75
2025-10-01 09:17:45+05:30,229.55,150
2025-10-01 09:17:46+05:30,228.85,75
2025-10-01 09:17:46+05:30,227.7,75
2025-10-01 09:17:47+05:30,227.55,150
2025-10-01 09:17:47+05:30,227.6,75
2025-10-01 09:17:48+05:30,226.5,75
2025-10-01 09:17:48+05:30,226.4,75
2025-10-01 09:17:49+05:30,226.2,300
2025-10-01 09:17:50+05:30,226.25,75
2025-10-01 09:17:50+05:30,225.95,75
2025-10-01 09:17:51+05:30,225.6,75
2025-10-01 09:17:51+05:30,225.6,75
2025-10-01 09:17:52+05:30,228.05,150
2025-10-01 09:17:52+05:30,228.15,75
2025-10-01 09:17:53+05:30,229.4,75
2025-10-01 09:17:54+05:30,228.3,75
2025-10-01 09:17:54+05:30,229.5,75
2025-10-01 09:17:55+05:30,229.4,75
2025-10-01 09:17:55+05:30,230.0,75
2025-10-01 09:17:56+05:30,229.95,75
2025-10-01 09:17:56+05:30,229.7,75
2025-10-01 09:17:57+05:30,231.8,75
2025-10-01 09:17:58+05:30,231.8,75
2025-10-01 09:17:58+05:30,232.0,1500
2025-10-01 09:17:59+05:30,232.9,75
2025-10-01 09:17:59+05:30,233.0,150
2025-10-01 09:18:00+05:30,233.0,150
2025-10-01 09:18:00+05:30,232.95,75
2025-10-01 09:18:00+05:30,233.9,75
2025-10-01 09:18:01+05:30,232.0,75
2025-10-01 09:18:02+05:30,232.25,75
2025-10-01 09:18:02+05:30,233.1,75
2025-10-01 09:18:03+05:30,230.0,75
2025-10-01 09:18:03+05:30,230.0,75
2025-10-01 09:18:04+05:30,229.45,75
2025-10-01 09:18:04+05:30,229.7,75
2025-10-01 09:18:05+05:30,229.85,300
2025-10-01 09:18:06+05:30,232.2,150
2025-10-01 09:18:06+05:30,231.0,150
2025-10-01 09:18:07+05:30,230.35,150
2025-10-01 09:18:07+05:30,230.25,75
2025-10-01 09:18:08+05:30,230.1,75
2025-10-01 09:18:09+05:30,230.05,75
2025-10-01 09:18:09+05:30,229.55,75
2025-10-01 09:18:10+05:30,229.75,75
2025-10-01 09:18:10+05:30,229.7,75
2025-10-01 09:18:11+05:30,229.7,75
2025-10-01 09:18:11+05:30,229.9,75
2025-10-01 09:18:12+05:30,230.5,75
2025-10-01 09:18:12+05:30,230.5,75
2025-10-01 09:18:13+05:30,230.85,75
2025-10-01 09:18:14+05:30,230.35,75
2025-10-01 09:18:14+05:30,230.75,75
2025-10-01 09:18:15+05:30,231.0,150
2025-10-01 09:18:15+05:30,231.0,150
2025-10-01 09:18:16+05:30,231.55,75
2025-10-01 09:18:16+05:30,231.55,75
2025-10-01 09:18:17+05:30,231.3,150
2025-10-01 09:18:18+05:30,232.05,75
2025-10-01 09:18:18+05:30,231.35,75
2025-10-01 09:18:19+05:30,232.5,75
2025-10-01 09:18:19+05:30,232.1,75
2025-10-01 09:18:20+05:30,229.7,150
2025-10-01 09:18:20+05:30,229.7,150
2025-10-01 09:18:21+05:30,229.65,75
2025-10-01 09:18:22+05:30,228.5,150
2025-10-01 09:18:22+05:30,229.45,75
2025-10-01 09:18:23+05:30,229.2,75
2025-10-01 09:18:23+05:30,229.2,75
2025-10-01 09:18:24+05:30,230.15,75
2025-10-01 09:18:24+05:30,230.15,75
2025-10-01 09:18:25+05:30,228.85,150
2025-10-01 09:18:26+05:30,229.25,75
2025-10-01 09:18:26+05:30,230.3,75
2025-10-01 09:18:27+05:30,228.9,150
2025-10-01 09:18:27+05:30,228.85,75
2025-10-01 09:18:28+05:30,229.5,75
2025-10-01 09:18:28+05:30,229.5,75
2025-10-01 09:18:29+05:30,228.9,75
2025-10-01 09:18:30+05:30,228.9,75
2025-10-01 09:18:30+05:30,228.35,150
2025-10-01 09:18:30+05:30,228.25,75
2025-10-01 09:18:31+05:30,228.15,75
2025-10-01 09:18:31+05:30,228.0,75
2025-10-01 09:18:32+05:30,225.2,75
2025-10-01 09:18:32+05:30,225.2,75
2025-10-01 09:18:33+05:30,226.15,75
2025-10-01 09:18:33+05:30,226.15,75
2025-10-01 09:18:34+05:30,228.0,75
2025-10-01 09:18:35+05:30,227.35,75
2025-10-01 09:18:35+05:30,227.4,75
2025-10-01 09:18:36+05:30,227.65,75
2025-10-01 09:18:36+05:30,228.15,75
2025-10-01 09:18:37+05:30,226.8,75
2025-10-01 09:18:37+05:30,226.8,75
2025-10-01 09:18:38+05:30,228.6,75
2025-10-01 09:18:39+05:30,228.4,75
2025-10-01 09:18:39+05:30,228.0,150
2025-10-01 09:18:40+05:30,227.0,75
2025-10-01 09:18:40+05:30,228.0,225
2025-10-01 09:18:41+05:30,229.45,75
2025-10-01 09:18:41+05:30,229.45,75
2025-10-01 09:18:42+05:30,228.8,75
2025-10-01 09:18:43+05:30,228.8,75
2025-10-01 09:18:43+05:30,230.65,75
2025-10-01 09:18:44+05:30,229.45,75
2025-10-01 09:18:44+05:30,230.0,150
2025-10-01 09:18:45+05:30,229.55,150
2025-10-01 09:18:46+05:30,228.3,75
2025-10-01 09:18:46+05:30,227.55,150
2025-10-01 09:18:47+05:30,227.7,75
2025-10-01 09:18:47+05:30,227.9,75
2025-10-01 09:18:48+05:30,227.4,75
2025-10-01 09:18:49+05:30,227.4,75
2025-10-01 09:18:49+05:30,227.8,75
2025-10-01 09:18:50+05:30,227.5,75
2025-10-01 09:18:51+05:30,227.5,75
2025-10-01 09:18:51+05:30,227.3,75
2025-10-01 09:18:52+05:30,227.6,75
2025-10-01 09:18:52+05:30,227.6,75
2025-10-01 09:18:53+05:30,225.65,150
2025-10-01 09:18:54+05:30,226.05,75
2025-10-01 09:18:54+05:30,225.7,75
2025-10-01 09:18:55+05:30,226.4,75
2025-10-01 09:18:56+05:30,226.4,75
2025-10-01 09:18:56+05:30,227.4,75
2025-10-01 09:18:57+05:30,226.75,75
2025-10-01 09:18:57+05:30,226.75,75
2025-10-01 09:18:58+05:30,225.7,75
2025-10-01 09:18:59+05:30,224.45,75
2025-10-01 09:18:59+05:30,225.65,75
2025-10-01 09:19:00+05:30,225.65,75
2025-10-01 09:19:00+05:30,225.5,75
2025-10-01 09:19:01+05:30,224.0,75
2025-10-01 09:19:01+05:30,224.0,75
2025-10-01 09:19:02+05:30,223.9,75
2025-10-01 09:19:02+05:30,223.9,75
2025-10-01 09:19:03+05:30,223.65,150
2025-10-01 09:19:04+05:30,225.05,75
2025-10-01 09:19:04+05:30,224.5,150
2025-10-01 09:19:05+05:30,223.4,75
2025-10-01 09:19:05+05:30,223.4,75
2025-10-01 09:19:06+05:30,223.2,150
2025-10-01 09:19:07+05:30,224.65,75
2025-10-01 09:19:08+05:30,224.6,75
2025-10-01 09:19:08+05:30,224.55,75
2025-10-01 09:19:09+05:30,224.55,375
2025-10-01 09:19:09+05:30,226.0,75
2025-10-01 09:19:10+05:30,224.5,75
2025-10-01 09:19:10+05:30,224.6,150
2025-10-01 09:19:11+05:30,224.7,75
2025-10-01 09:19:12+05:30,223.2,75
2025-10-01 09:19:12+05:30,223.7,75
2025-10-01 09:19:13+05:30,224.15,150
2025-10-01 09:19:14+05:30,224.15,150
2025-10-01 09:19:14+05:30,223.65,75
2025-10-01 09:19:15+05:30,223.2,75
2025-10-01 09:19:15+05:30,223.3,75
2025-10-01 09:19:16+05:30,223.75,75
2025-10-01 09:19:17+05:30,223.75,75
2025-10-01 09:19:17+05:30,223.65,75
2025-10-01 09:19:18+05:30,222.0,75
2025-10-01 09:19:18+05:30,222.0,75
2025-10-01 09:19:19+05:30,222.3,150
2025-10-01 09:19:20+05:30,221.3,75
2025-10-01 09:19:20+05:30,221.2,150
2025-10-01 09:19:21+05:30,220.85,75
2025-10-01 09:19:22+05:30,220.7,75
2025-10-01 09:19:22+05:30,221.75,75
2025-10-01 09:19:23+05:30,220.8,75
2025-10-01 09:19:23+05:30,220.8,75
2025-10-01 09:19:24+05:30,221.75,75
2025-10-01 09:19:25+05:30,221.75,75
2025-10-01 09:19:25+05:30,221.25,75
2025-10-01 09:19:26+05:30,223.75,75
2025-10-01 09:19:27+05:30,223.15,75
2025-10-01 09:19:27+05:30,224.0,75
2025-10-01 09:19:28+05:30,224.25,75
2025-10-01 09:19:28+05:30,224.1,225
2025-10-01 09:19:29+05:30,223.8,75
2025-10-01 09:19:30+05:30,223.8,75
2025-10-01 09:19:30+05:30,225.0,75
2025-10-01 09:19:30+05:30,226.05,225
2025-10-01 09:19:31+05:30,225.05,75
2025-10-01 09:19:32+05:30,225.05,75
2025-10-01 09:19:32+05:30,224.7,75
2025-10-01 09:19:33+05:30,224.5,75
2025-10-01 09:19:33+05:30,225.45,75
2025-10-01 09:19:34+05:30,225.3,75
2025-10-01 09:19:35+05:30,224.95,75
2025-10-01 09:19:35+05:30,223.75,75
2025-10-01 09:19:36+05:30,225.1,75
2025-10-01 09:19:36+05:30,225.1,75
2025-10-01 09:19:37+05:30,225.1,75
2025-10-01 09:19:38+05:30,224.0,225
2025-10-01 09:19:38+05:30,224.0,225
2025-10-01 09:19:39+05:30,224.15,75
2025-10-01 09:19:40+05:30,224.15,75
2025-10-01 09:19:40+05:30,224.8,75
2025-10-01 09:19:41+05:30,225.5,75
2025-10-01 09:19:41+05:30,225.55,75
2025-10-01 09:19:42+05:30,225.9,75
2025-10-01 09:19:43+05:30,225.9,75
2025-10-01 09:19:43+05:30,225.5,150
2025-10-01 09:19:44+05:30,225.95,75
2025-10-01 09:19:45+05:30,226.0,900
2025-10-01 09:19:45+05:30,227.6,150
2025-10-01 09:19:46+05:30,224.95,75
2025-10-01 09:19:46+05:30,225.5,75
2025-10-01 09:19:47+05:30,225.8,150
2025-10-01 09:19:48+05:30,225.05,75
2025-10-01 09:19:48+05:30,224.05,75
2025-10-01 09:19:49+05:30,225.1,225
2025-10-01 09:19:50+05:30,225.1,225
2025-10-01 09:19:50+05:30,223.15,75
2025-10-01 09:19:51+05:30,222.2,75
2025-10-01 09:19:51+05:30,222.45,75
2025-10-01 09:19:52+05:30,222.3,75
2025-10-01 09:19:53+05:30,221.75,225
2025-10-01 09:19:53+05:30,222.3,150
2025-10-01 09:19:54+05:30,222.1,225
2025-10-01 09:19:55+05:30,222.3,75
2025-10-01 09:19:55+05:30,221.65,75
2025-10-01 09:19:56+05:30,221.2,75
2025-10-01 09:19:56+05:30,221.25,150
2025-10-01 09:19:57+05:30,220.75,75
2025-10-01 09:19:58+05:30,219.8,75
2025-10-01 09:19:58+05:30,220.25,150
2025-10-01 09:19:59+05:30,219.2,75
2025-10-01 09:19:59+05:30,219.2,75
2025-10-01 09:20:00+05:30,219.2,75
2025-10-01 09:20:00+05:30,218.2,75
2025-10-01 09:20:01+05:30,218.25,75
2025-10-01 09:20:01+05:30,218.0,75
2025-10-01 09:20:02+05:30,217.65,150
2025-10-01 09:20:03+05:30,217.0,75
2025-10-01 09:20:03+05:30,216.75,75
2025-10-01 09:20:04+05:30,217.35,75
2025-10-01 09:20:04+05:30,217.35,75
2025-10-01 09:20:05+05:30,216.8,75
2025-10-01 09:20:06+05:30,218.75,75
2025-10-01 09:20:06+05:30,218.85,75
2025-10-01 09:20:07+05:30,217.4,150
2025-10-01 09:20:08+05:30,217.45,75
2025-10-01 09:20:08+05:30,217.05,75
2025-10-01 09:20:09+05:30,217.15,75
2025-10-01 09:20:09+05:30,217.25,75
2025-10-01 09:20:10+05:30,216.7,75
2025-10-01 09:20:11+05:30,215.85,75
2025-10-01 09:20:11+05:30,216.0,75
2025-10-01 09:20:12+05:30,214.85,75
2025-10-01 09:20:13+05:30,215.25,75
2025-10-01 09:20:13+05:30,215.4,75
2025-10-01 09:20:14+05:30,215.65,75
2025-10-01 09:20:14+05:30,214.85,75
2025-10-01 09:20:15+05:30,213.9,75
2025-10-01 09:20:16+05:30,213.9,75
2025-10-01 09:20:16+05:30,214.35,75
2025-10-01 09:20:17+05:30,214.4,225
2025-10-01 09:20:18+05:30,214.95,75
2025-10-01 09:20:18+05:30,215.2,75
2025-10-01 09:20:19+05:30,212.95,75
2025-10-01 09:20:19+05:30,212.6,75
2025-10-01 09:20:20+05:30,212.05,75
2025-10-01 09:20:21+05:30,213.8,75
2025-10-01 09:20:21+05:30,211.95,75
2025-10-01 09:20:22+05:30,213.4,150
2025-10-01 09:20:22+05:30,213.4,150
2025-10-01 09:20:23+05:30,213.05,825
2025-10-01 09:20:24+05:30,213.4,75
2025-10-01 09:20:24+05:30,212.9,75
2025-10-01 09:20:25+05:30,212.3,75
2025-10-01 09:20:26+05:30,212.35,75
2025-10-01 09:20:26+05:30,211.9,75
2025-10-01 09:20:27+05:30,212.3,75
2025-10-01 09:20:27+05:30,212.3,75
2025-10-01 09:20:28+05:30,212.7,225
2025-10-01 09:20:29+05:30,213.0,75
2025-10-01 09:20:29+05:30,213.0,75
2025-10-01 09:20:30+05:30,213.0,75
2025-10-01 09:20:30+05:30,213.3,75
2025-10-01 09:20:31+05:30,212.7,300
2025-10-01 09:20:31+05:30,213.65,75
2025-10-01 09:20:32+05:30,214.55,225
2025-10-01 09:20:33+05:30,214.25,225
2025-10-01 09:20:33+05:30,215.6,75
2025-10-01 09:20:34+05:30,214.25,75
2025-10-01 09:20:34+05:30,214.45,75
2025-10-01 09:20:35+05:30,214.5,75
2025-10-01 09:20:36+05:30,215.1,75
2025-10-01 09:20:36+05:30,214.55,75
2025-10-01 09:20:37+05:30,214.5,75
2025-10-01 09:20:37+05:30,213.6,75
2025-10-01 09:20:38+05:30,213.15,75
2025-10-01 09:20:39+05:30,212.4,75
2025-10-01 09:20:39+05:30,212.7,75
2025-10-01 09:20:40+05:30,213.45,75
2025-10-01 09:20:41+05:30,213.45,150
2025-10-01 09:20:41+05:30,214.35,150
2025-10-01 09:20:42+05:30,215.1,75
2025-10-01 09:20:42+05:30,215.05,75
2025-10-01 09:20:43+05:30,216.5,75
2025-10-01 09:20:44+05:30,215.9,75
2025-10-01 09:20:44+05:30,215.25,75
2025-10-01 09:20:45+05:30,214.85,75
2025-10-01 09:20:46+05:30,214.85,75
2025-10-01 09:20:46+05:30,214.65,75
2025-10-01 09:20:47+05:30,214.5,75
2025-10-01 09:20:47+05:30,214.5,75
2025-10-01 09:20:48+05:30,215.05,75
2025-10-01 09:20:49+05:30,215.8,150
2025-10-01 09:20:49+05:30,216.0,75
2025-10-01 09:20:50+05:30,214.95,75
2025-10-01 09:20:51+05:30,215.0,75
2025-10-01 09:20:51+05:30,214.85,75
2025-10-01 09:20:52+05:30,215.1,75
2025-10-01 09:20:52+05:30,215.1,75
2025-10-01 09:20:53+05:30,216.05,75
2025-10-01 09:20:54+05:30,217.05,75
2025-10-01 09:20:54+05:30,218.0,75
2025-10-01 09:20:55+05:30,218.6,75
2025-10-01 09:20:56+05:30,218.7,150
2025-10-01 09:20:56+05:30,219.95,150
2025-10-01 09:20:57+05:30,220.5,75
2025-10-01 09:20:57+05:30,220.15,75
2025-10-01 09:20:58+05:30,220.5,75
2025-10-01 09:20:59+05:30,220.5,75
2025-10-01 09:20:59+05:30,222.0,75
2025-10-01 09:21:00+05:30,222.0,75
2025-10-01 09:21:00+05:30,220.15,75
2025-10-01 09:21:01+05:30,220.1,75
2025-10-01 09:21:01+05:30,219.15,75
2025-10-01 09:21:02+05:30,219.15,75
2025-10-01 09:21:02+05:30,219.25,75
2025-10-01 09:21:03+05:30,217.8,75
2025-10-01 09:21:04+05:30,218.4,75
2025-10-01 09:21:04+05:30,217.35,75
2025-10-01 09:21:05+05:30,218.55,75
2025-10-01 09:21:06+05:30,218.4,225
2025-10-01 09:21:06+05:30,218.55,75
2025-10-01 09:21:07+05:30,219.3,75
2025-10-01 09:21:07+05:30,219.55,75
2025-10-01 09:21:08+05:30,219.45,75
2025-10-01 09:21:09+05:30,219.4,75
2025-10-01 09:21:09+05:30,219.95,75
2025-10-01 09:21:10+05:30,220.4,75
2025-10-01 09:21:11+05:30,220.4,75
2025-10-01 09:21:11+05:30,220.45,75
2025-10-01 09:21:12+05:30,220.0,75
2025-10-01 09:21:12+05:30,220.0,75
2025-10-01 09:21:13+05:30,220.25,75
2025-10-01 09:21:14+05:30,220.5,75
2025-10-01 09:21:14+05:30,221.2,150
2025-10-01 09:21:15+05:30,221.0,75
2025-10-01 09:21:16+05:30,221.1,75
2025-10-01 09:21:16+05:30,222.45,75
2025-10-01 09:21:17+05:30,223.55,75
2025-10-01 09:21:17+05:30,223.0,75
2025-10-01 09:21:18+05:30,221.95,75
2025-10-01 09:21:19+05:30,222.65,75
2025-10-01 09:21:19+05:30,222.05,225
2025-10-01 09:21:20+05:30,221.95,75
2025-10-01 09:21:21+05:30,222.3,75
2025-10-01 09:21:21+05:30,222.15,150
2025-10-01 09:21:22+05:30,220.0,75
2025-10-01 09:21:22+05:30,220.0,75
2025-10-01 09:21:23+05:30,220.3,150
2025-10-01 09:21:24+05:30,219.75,75
2025-10-01 09:21:24+05:30,219.0,75
2025-10-01 09:21:25+05:30,218.0,75
2025-10-01 09:21:26+05:30,218.4,75
2025-10-01 09:21:26+05:30,217.55,150
2025-10-01 09:21:27+05:30,217.0,150
2025-10-01 09:21:27+05:30,217.0,75
2025-10-01 09:21:28+05:30,217.6,75
2025-10-01 09:21:29+05:30,216.3,225
2025-10-01 09:21:29+05:30,216.9,75
2025-10-01 09:21:30+05:30,216.9,75
2025-10-01 09:21:30+05:30,216.6,75
2025-10-01 09:21:31+05:30,217.0,150
2025-10-01 09:21:31+05:30,217.1,75
2025-10-01 09:21:32+05:30,217.1,75
2025-10-01 09:21:34+05:30,218.9,75
2025-10-01 09:21:34+05:30,218.15,75
2025-10-01 09:21:34+05:30,218.05,75
2025-10-01 09:21:35+05:30,218.4,75
2025-10-01 09:21:36+05:30,218.5,75
2025-10-01 09:21:36+05:30,218.5,75
2025-10-01 09:21:37+05:30,218.25,75
2025-10-01 09:21:37+05:30,218.25,75
2025-10-01 09:21:38+05:30,218.95,75
2025-10-01 09:21:39+05:30,220.0,75
2025-10-01 09:21:39+05:30,220.0,75
2025-10-01 09:21:40+05:30,219.35,75
2025-10-01 09:21:41+05:30,219.55,75
2025-10-01 09:21:41+05:30,219.1,75
2025-10-01 09:21:42+05:30,219.35,75
2025-10-01 09:21:42+05:30,219.35,75
2025-10-01 09:21:43+05:30,220.35,75
2025-10-01 09:21:44+05:30,220.25,75
2025-10-01 09:21:44+05:30,220.25,75
2025-10-01 09:21:45+05:30,218.75,75
2025-10-01 09:21:46+05:30,218.85,75
2025-10-01 09:21:46+05:30,219.6,75
2025-10-01 09:21:47+05:30,219.25,150
2025-10-01 09:21:47+05:30,219.15,225
2025-10-01 09:21:48+05:30,220.65,75
2025-10-01 09:21:49+05:30,220.65,75
2025-10-01 09:21:49+05:30,219.85,75
2025-10-01 09:21:50+05:30,221.1,75
2025-10-01 09:21:51+05:30,221.1,75
2025-10-01 09:21:51+05:30,220.85,75
2025-10-01 09:21:52+05:30,220.35,75
2025-10-01 09:21:52+05:30,220.35,75
2025-10-01 09:21:53+05:30,220.1,75
2025-10-01 09:21:54+05:30,220.15,75
2025-10-01 09:21:54+05:30,219.95,75
2025-10-01 09:21:55+05:30,220.6,150
2025-10-01 09:21:56+05:30,220.5,75
2025-10-01 09:21:57+05:30,221.65,75
2025-10-01 09:21:57+05:30,222.55,150
2025-10-01 09:21:57+05:30,222.35,75
2025-10-01 09:21:58+05:30,222.85,150
2025-10-01 09:21:59+05:30,222.6,75
2025-10-01 09:22:00+05:30,222.85,75
2025-10-01 09:22:00+05:30,222.85,75
2025-10-01 09:22:01+05:30,223.85,75
2025-10-01 09:22:01+05:30,224.25,75
2025-10-01 09:22:02+05:30,224.9,75
2025-10-01 09:22:02+05:30,224.9,75
2025-10-01 09:22:03+05:30,224.9,75
2025-10-01 09:22:04+05:30,223.7,75
2025-10-01 09:22:04+05:30,225.1,75
2025-10-01 09:22:05+05:30,225.7,150
2025-10-01 09:22:06+05:30,225.65,75
2025-10-01 09:22:06+05:30,225.75,75
2025-10-01 09:22:07+05:30,225.55,75
2025-10-01 09:22:07+05:30,225.25,75
2025-10-01 09:22:08+05:30,225.25,75
2025-10-01 09:22:09+05:30,225.0,75
2025-10-01 09:22:09+05:30,225.35,75
2025-10-01 09:22:10+05:30,225.35,75
2025-10-01 09:22:11+05:30,222.65,75
2025-10-01 09:22:11+05:30,223.15,75
2025-10-01 09:22:12+05:30,224.0,75
2025-10-01 09:22:12+05:30,224.3,75
2025-10-01 09:22:13+05:30,224.3,75
2025-10-01 09:22:14+05:30,225.0,225
2025-10-01 09:22:14+05:30,225.15,75
2025-10-01 09:22:15+05:30,224.85,75
2025-10-01 09:22:16+05:30,224.6,450
2025-10-01 09:22:16+05:30,225.0,75
2025-10-01 09:22:17+05:30,225.35,75
2025-10-01 09:22:17+05:30,225.05,75
2025-10-01 09:22:18+05:30,224.65,75
2025-10-01 09:22:19+05:30,225.0,150
2025-10-01 09:22:19+05:30,226.0,75
2025-10-01 09:22:20+05:30,225.6,75
2025-10-01 09:22:21+05:30,225.45,75
2025-10-01 09:22:21+05:30,225.7,75
2025-10-01 09:22:22+05:30,226.15,75
2025-10-01 09:22:22+05:30,225.25,75
2025-10-01 09:22:23+05:30,225.2,150
2025-10-01 09:22:24+05:30,225.55,75
2025-10-01 09:22:24+05:30,225.95,150
2025-10-01 09:22:25+05:30,226.0,75
2025-10-01 09:22:25+05:30,225.5,75
2025-10-01 09:22:26+05:30,225.55,150
2025-10-01 09:22:27+05:30,225.3,225
2025-10-01 09:22:27+05:30,225.3,225
2025-10-01 09:22:28+05:30,225.85,75
2025-10-01 09:22:29+05:30,225.3,75
2025-10-01 09:22:29+05:30,225.3,75
2025-10-01 09:22:30+05:30,225.3,75
2025-10-01 09:22:30+05:30,224.85,75
2025-10-01 09:22:30+05:30,224.25,150
2025-10-01 09:22:31+05:30,224.1,150
2025-10-01 09:22:32+05:30,224.8,150
2025-10-01 09:22:32+05:30,224.75,450
2025-10-01 09:22:33+05:30,224.15,75
2025-10-01 09:22:34+05:30,223.95,75
2025-10-01 09:22:34+05:30,223.55,150
2025-10-01 09:22:35+05:30,222.95,75
2025-10-01 09:22:35+05:30,223.0,225
2025-10-01 09:22:36+05:30,223.0,225
2025-10-01 09:22:37+05:30,222.85,75
2025-10-01 09:22:37+05:30,223.15,75
2025-10-01 09:22:38+05:30,224.2,75
2025-10-01 09:22:39+05:30,222.4,75
2025-10-01 09:22:39+05:30,222.4,75
2025-10-01 09:22:40+05:30,222.65,150
2025-10-01 09:22:40+05:30,222.65,75
2025-10-01 09:22:41+05:30,222.65,75
2025-10-01 09:22:42+05:30,222.95,75
2025-10-01 09:22:42+05:30,223.6,75
2025-10-01 09:22:43+05:30,223.4,150
2025-10-01 09:22:43+05:30,223.0,75
2025-10-01 09:22:44+05:30,223.0,75
2025-10-01 09:22:45+05:30,223.65,150
2025-10-01 09:22:45+05:30,224.75,75
2025-10-01 09:22:46+05:30,224.75,75
2025-10-01 09:22:47+05:30,224.35,75
2025-10-01 09:22:47+05:30,224.35,75
2025-10-01 09:22:48+05:30,224.4,75
2025-10-01 09:22:48+05:30,223.95,75
2025-10-01 09:22:49+05:30,224.35,75
2025-10-01 09:22:50+05:30,223.65,75
2025-10-01 09:22:50+05:30,224.0,300
2025-10-01 09:22:51+05:30,225.0,75
2025-10-01 09:22:52+05:30,223.2,150
2025-10-01 09:22:52+05:30,223.2,150
2025-10-01 09:22:53+05:30,222.9,75
2025-10-01 09:22:53+05:30,223.95,75
2025-10-01 09:22:54+05:30,223.95,75
2025-10-01 09:22:55+05:30,221.7,75
2025-10-01 09:22:55+05:30,221.7,75
2025-10-01 09:22:56+05:30,222.3,75
2025-10-01 09:22:57+05:30,221.7,75
2025-10-01 09:22:57+05:30,221.7,75
2025-10-01 09:22:58+05:30,220.95,75
2025-10-01 09:22:58+05:30,219.45,75
2025-10-01 09:22:59+05:30,221.0,75
2025-10-01 09:23:00+05:30,221.0,75
2025-10-01 09:23:00+05:30,220.5,75
2025-10-01 09:23:00+05:30,221.9,75
2025-10-01 09:23:01+05:30,220.65,75
2025-10-01 09:23:02+05:30,221.3,75
2025-10-01 09:23:02+05:30,221.3,75
2025-10-01 09:23:03+05:30,220.75,75
2025-10-01 09:23:03+05:30,220.75,75
2025-10-01 09:23:04+05:30,220.95,75
2025-10-01 09:23:05+05:30,220.35,75
2025-10-01 09:23:05+05:30,220.45,75
2025-10-01 09:23:06+05:30,220.5,75
2025-10-01 09:23:07+05:30,221.15,75
2025-10-01 09:23:07+05:30,221.15,75
2025-10-01 09:23:08+05:30,221.4,75
2025-10-01 09:23:08+05:30,221.35,75
2025-10-01 09:23:09+05:30,222.15,75
2025-10-01 09:23:10+05:30,221.4,75
2025-10-01 09:23:10+05:30,220.35,75
2025-10-01 09:23:11+05:30,221.2,75
2025-10-01 09:23:12+05:30,221.15,75
2025-10-01 09:23:12+05:30,220.65,75
2025-10-01 09:23:13+05:30,222.05,75
2025-10-01 09:23:13+05:30,222.7,75
2025-10-01 09:23:14+05:30,223.05,75
2025-10-01 09:23:15+05:30,223.05,225
2025-10-01 09:23:15+05:30,223.05,225
2025-10-01 09:23:16+05:30,224.2,75
2025-10-01 09:23:17+05:30,224.85,75
2025-10-01 09:23:17+05:30,224.85,75
2025-10-01 09:23:18+05:30,226.45,75
2025-10-01 09:23:18+05:30,225.45,75
2025-10-01 09:23:19+05:30,225.35,75
2025-10-01 09:23:20+05:30,226.1,150
2025-10-01 09:23:20+05:30,225.95,75
2025-10-01 09:23:21+05:30,225.7,75
2025-10-01 09:23:21+05:30,225.45,75
2025-10-01 09:23:22+05:30,225.35,75
2025-10-01 09:23:23+05:30,224.1,75
2025-10-01 09:23:23+05:30,224.9,150
2025-10-01 09:23:24+05:30,224.65,75
2025-10-01 09:23:25+05:30,224.35,75
2025-10-01 09:23:25+05:30,224.1,75
2025-10-01 09:23:26+05:30,222.9,150
2025-10-01 09:23:26+05:30,222.9,75
2025-10-01 09:23:27+05:30,222.9,75
2025-10-01 09:23:28+05:30,222.35,225
2025-10-01 09:23:28+05:30,222.55,75
2025-10-01 09:23:29+05:30,222.05,75
2025-10-01 09:23:30+05:30,222.05,75
2025-10-01 09:23:30+05:30,221.95,75
2025-10-01 09:23:30+05:30,221.95,75
2025-10-01 09:23:31+05:30,223.9,225
2025-10-01 09:23:31+05:30,223.9,225
2025-10-01 09:23:32+05:30,223.55,75
2025-10-01 09:23:33+05:30,223.8,75
2025-10-01 09:23:33+05:30,223.8,75
2025-10-01 09:23:34+05:30,223.45,300
2025-10-01 09:23:35+05:30,223.55,150
2025-10-01 09:23:35+05:30,223.55,150
2025-10-01 09:23:36+05:30,223.4,75
2025-10-01 09:23:36+05:30,223.55,75
2025-10-01 09:23:37+05:30,222.1,75
2025-10-01 09:23:38+05:30,220.95,150
2025-10-01 09:23:38+05:30,221.15,150
2025-10-01 09:23:39+05:30,220.9,75
2025-10-01 09:23:40+05:30,220.6,75
2025-10-01 09:23:40+05:30,220.6,75
2025-10-01 09:23:41+05:30,220.95,75
2025-10-01 09:23:41+05:30,221.2,75
2025-10-01 09:23:42+05:30,221.2,75
2025-10-01 09:23:43+05:30,222.55,75
2025-10-01 09:23:43+05:30,222.45,150
2025-10-01 09:23:44+05:30,222.6,225
2025-10-01 09:23:45+05:30,222.85,75
2025-10-01 09:23:45+05:30,222.9,75
2025-10-01 09:23:46+05:30,221.1,75
2025-10-01 09:23:46+05:30,222.35,75
2025-10-01 09:23:47+05:30,222.3,75
2025-10-01 09:23:48+05:30,222.6,75
2025-10-01 09:23:48+05:30,222.6,75
2025-10-01 09:23:49+05:30,223.0,150
2025-10-01 09:23:50+05:30,223.35,300
2025-10-01 09:23:50+05:30,223.35,300
2025-10-01 09:23:51+05:30,223.05,75
2025-10-01 09:23:51+05:30,224.65,75
2025-10-01 09:23:52+05:30,224.65,75
2025-10-01 09:23:53+05:30,225.0,75
2025-10-01 09:23:53+05:30,225.25,75
2025-10-01 09:23:54+05:30,224.4,75
2025-10-01 09:23:55+05:30,226.0,75
2025-10-01 09:23:55+05:30,226.05,75
2025-10-01 09:23:56+05:30,227.35,75
2025-10-01 09:23:56+05:30,226.85,75
2025-10-01 09:23:57+05:30,226.5,75
2025-10-01 09:23:58+05:30,226.0,150
2025-10-01 09:23:58+05:30,226.0,150
2025-10-01 09:23:59+05:30,226.5,75
2025-10-01 09:24:00+05:30,226.5,75
2025-10-01 09:24:00+05:30,227.05,75
2025-10-01 09:24:00+05:30,227.05,75
2025-10-01 09:24:01+05:30,226.0,975
2025-10-01 09:24:01+05:30,226.7,75
2025-10-01 09:24:02+05:30,226.7,75
2025-10-01 09:24:03+05:30,226.85,75
2025-10-01 09:24:03+05:30,227.55,75
2025-10-01 09:24:04+05:30,226.75,75
2025-10-01 09:24:05+05:30,226.95,75
2025-10-01 09:24:05+05:30,227.45,75
2025-10-01 09:24:06+05:30,226.7,75
2025-10-01 09:24:06+05:30,228.4,75
2025-10-01 09:24:07+05:30,228.4,75
2025-10-01 09:24:08+05:30,227.8,75
2025-10-01 09:24:08+05:30,228.45,75
2025-10-01 09:24:09+05:30,228.75,75
2025-10-01 09:24:10+05:30,228.3,75
2025-10-01 09:24:10+05:30,228.0,225
2025-10-01 09:24:11+05:30,227.75,75
2025-10-01 09:24:11+05:30,227.25,75
2025-10-01 09:24:12+05:30,227.35,75
2025-10-01 09:24:13+05:30,228.0,75
2025-10-01 09:24:13+05:30,227.85,150
2025-10-01 09:24:14+05:30,228.0,75
2025-10-01 09:24:15+05:30,227.9,75
2025-10-01 09:24:15+05:30,227.9,75
2025-10-01 09:24:16+05:30,226.75,300
2025-10-01 09:24:16+05:30,226.2,75
2025-10-01 09:24:17+05:30,227.2,75
2025-10-01 09:24:18+05:30,227.95,75
2025-10-01 09:24:18+05:30,227.15,75
2025-10-01 09:24:19+05:30,227.25,75
2025-10-01 09:24:20+05:30,228.9,75
2025-10-01 09:24:20+05:30,228.9,75
2025-10-01 09:24:21+05:30,228.7,300
2025-10-01 09:24:21+05:30,228.6,75
2025-10-01 09:24:22+05:30,228.6,75
2025-10-01 09:24:23+05:30,227.8,150
2025-10-01 09:24:23+05:30,227.65,75
2025-10-01 09:24:24+05:30,228.05,75
2025-10-01 09:24:25+05:30,227.95,75
2025-10-01 09:24:25+05:30,227.95,75
2025-10-01 09:24:26+05:30,228.2,75
2025-10-01 09:24:26+05:30,229.0,150
2025-10-01 09:24:27+05:30,229.0,75
2025-10-01 09:24:28+05:30,229.3,75
2025-10-01 09:24:28+05:30,229.15,75
2025-10-01 09:24:29+05:30,229.35,75
2025-10-01 09:24:30+05:30,229.35,75
2025-10-01 09:24:30+05:30,228.55,75
2025-10-01 09:24:30+05:30,228.55,75
2025-10-01 09:24:31+05:30,228.15,75
2025-10-01 09:24:31+05:30,227.7,75
2025-10-01 09:24:32+05:30,227.7,75
2025-10-01 09:24:33+05:30,227.05,225
2025-10-01 09:24:33+05:30,227.35,75
2025-10-01 09:24:34+05:30,227.35,75
2025-10-01 09:24:35+05:30,225.95,75
2025-10-01 09:24:35+05:30,225.95,75
2025-10-01 09:24:36+05:30,225.45,75
2025-10-01 09:24:36+05:30,225.2,75
2025-10-01 09:24:37+05:30,224.35,75
2025-10-01 09:24:38+05:30,225.0,75
2025-10-01 09:24:38+05:30,223.75,150
2025-10-01 09:24:39+05:30,224.25,75
2025-10-01 09:24:40+05:30,224.25,75
2025-10-01 09:24:41+05:30,223.95,75
2025-10-01 09:24:42+05:30,223.15,300
2025-10-01 09:24:42+05:30,223.15,300
2025-10-01 09:24:43+05:30,224.35,150
2025-10-01 09:24:43+05:30,225.7,75
2025-10-01 09:24:44+05:30,225.35,75
2025-10-01 09:24:45+05:30,226.2,75
2025-10-01 09:24:45+05:30,226.2,75
2025-10-01 09:24:46+05:30,225.35,225
2025-10-01 09:24:46+05:30,225.95,75
2025-10-01 09:24:47+05:30,225.3,75
2025-10-01 09:24:48+05:30,225.75,75
2025-10-01 09:24:48+05:30,225.75,75
2025-10-01 09:24:49+05:30,225.4,225
2025-10-01 09:24:50+05:30,225.45,150
2025-10-01 09:24:50+05:30,225.45,150
2025-10-01 09:24:51+05:30,227.35,225
2025-10-01 09:24:51+05:30,227.35,75
2025-10-01 09:24:52+05:30,227.95,75
2025-10-01 09:24:53+05:30,228.85,75
2025-10-01 09:24:53+05:30,228.55,75
2025-10-01 09:24:54+05:30,229.2,75
2025-10-01 09:24:55+05:30,229.8,75
2025-10-01 09:24:55+05:30,229.8,75
2025-10-01 09:24:56+05:30,229.9,75
2025-10-01 09:24:56+05:30,230.25,150
2025-10-01 09:24:57+05:30,229.75,150
2025-10-01 09:24:58+05:30,228.9,150
2025-10-01 09:24:58+05:30,228.95,75
2025-10-01 09:24:59+05:30,229.45,150
2025-10-01 09:25:00+05:30,229.45,150
2025-10-01 09:25:00+05:30,230.0,75
2025-10-01 09:25:00+05:30,230.0,75
2025-10-01 09:25:01+05:30,230.3,75
2025-10-01 09:25:01+05:30,230.2,75
2025-10-01 09:25:02+05:30,230.05,75
2025-10-01 09:25:03+05:30,230.35,75
2025-10-01 09:25:03+05:30,230.1,75
2025-10-01 09:25:04+05:30,230.65,75
2025-10-01 09:25:05+05:30,231.65,75
2025-10-01 09:25:05+05:30,230.95,75
2025-10-01 09:25:06+05:30,230.05,150
2025-10-01 09:25:06+05:30,230.4,75
2025-10-01 09:25:07+05:30,229.9,75
2025-10-01 09:25:08+05:30,228.9,150
2025-10-01 09:25:08+05:30,228.0,75
2025-10-01 09:25:09+05:30,229.7,75
2025-10-01 09:25:10+05:30,229.95,75
2025-10-01 09:25:10+05:30,230.0,1200
2025-10-01 09:25:11+05:30,230.9,150
2025-10-01 09:25:11+05:30,230.35,75
2025-10-01 09:25:12+05:30,230.35,75
2025-10-01 09:25:13+05:30,230.75,75
2025-10-01 09:25:13+05:30,231.2,75
2025-10-01 09:25:14+05:30,230.9,75
2025-10-01 09:25:15+05:30,231.8,75
2025-10-01 09:25:15+05:30,231.0,75
2025-10-01 09:25:16+05:30,231.75,75
2025-10-01 09:25:16+05:30,233.1,75
2025-10-01 09:25:17+05:30,233.1,75
2025-10-01 09:25:18+05:30,232.3,75
2025-10-01 09:25:18+05:30,232.3,75
2025-10-01 09:25:19+05:30,232.55,75
2025-10-01 09:25:20+05:30,232.8,75
2025-10-01 09:25:20+05:30,232.8,150
2025-10-01 09:25:21+05:30,232.85,75
2025-10-01 09:25:21+05:30,232.4,75
2025-10-01 09:25:22+05:30,231.85,75
2025-10-01 09:25:23+05:30,231.25,75
2025-10-01 09:25:23+05:30,231.1,75
2025-10-01 09:25:24+05:30,231.6,75
2025-10-01 09:25:25+05:30,231.3,75
2025-10-01 09:25:25+05:30,231.2,150
2025-10-01 09:25:26+05:30,230.85,225
2025-10-01 09:25:26+05:30,230.7,150
2025-10-01 09:25:27+05:30,231.2,75
2025-10-01 09:25:28+05:30,230.5,75
2025-10-01 09:25:29+05:30,231.0,75
2025-10-01 09:25:30+05:30,231.0,75
2025-10-01 09:25:30+05:30,231.15,75
2025-10-01 09:25:30+05:30,231.3,75
2025-10-01 09:25:31+05:30,229.45,75
2025-10-01 09:25:31+05:30,230.4,75
2025-10-01 09:25:32+05:30,230.35,75
2025-10-01 09:25:33+05:30,229.35,75
2025-10-01 09:25:33+05:30,230.05,75
2025-10-01 09:25:34+05:30,231.2,150
2025-10-01 09:25:35+05:30,231.1,75
2025-10-01 09:25:35+05:30,230.9,75
2025-10-01 09:25:36+05:30,230.4,75
2025-10-01 09:25:36+05:30,231.0,75
2025-10-01 09:25:37+05:30,230.6,75
2025-10-01 09:25:38+05:30,231.05,150
2025-10-01 09:25:38+05:30,230.7,150
2025-10-01 09:25:39+05:30,232.0,150
2025-10-01 09:25:40+05:30,232.8,150
2025-10-01 09:25:40+05:30,233.75,75
2025-10-01 09:25:41+05:30,234.0,225
2025-10-01 09:25:41+05:30,234.1,75
2025-10-01 09:25:42+05:30,233.65,75
2025-10-01 09:25:43+05:30,233.7,75
2025-10-01 09:25:43+05:30,233.1,150
2025-10-01 09:25:44+05:30,232.8,75
2025-10-01 09:25:45+05:30,231.9,150
2025-10-01 09:25:45+05:30,232.25,75
2025-10-01 09:25:46+05:30,231.9,75
2025-10-01 09:25:46+05:30,233.1,75
2025-10-01 09:25:47+05:30,232.9,75
2025-10-01 09:25:48+05:30,233.0,450
2025-10-01 09:25:48+05:30,233.0,75
2025-10-01 09:25:49+05:30,233.45,75
2025-10-01 09:25:50+05:30,234.0,75
2025-10-01 09:25:50+05:30,233.25,75
2025-10-01 09:25:51+05:30,233.5,75
2025-10-01 09:25:51+05:30,234.3,300
2025-10-01 09:25:52+05:30,233.35,75
2025-10-01 09:25:53+05:30,232.75,75
2025-10-01 09:25:53+05:30,232.8,75
2025-10-01 09:25:54+05:30,232.35,75
2025-10-01 09:25:55+05:30,232.05,75
2025-10-01 09:25:55+05:30,232.5,75
2025-10-01 09:25:56+05:30,232.8,75
2025-10-01 09:25:56+05:30,232.45,75
2025-10-01 09:25:57+05:30,231.9,150
2025-10-01 09:25:58+05:30,231.6,75
2025-10-01 09:25:58+05:30,232.4,75
2025-10-01 09:25:59+05:30,231.8,75
2025-10-01 09:26:00+05:30,231.8,75
2025-10-01 09:26:00+05:30,231.0,75
2025-10-01 09:26:00+05:30,230.0,150
2025-10-01 09:26:01+05:30,230.65,75
2025-10-01 09:26:01+05:30,230.8,150
2025-10-01 09:26:02+05:30,230.6,75
2025-10-01 09:26:03+05:30,230.3,75
2025-10-01 09:26:03+05:30,230.8,75
2025-10-01 09:26:04+05:30,230.15,75
2025-10-01 09:26:05+05:30,230.1,225
2025-10-01 09:26:05+05:30,229.85,75
2025-10-01 09:26:06+05:30,228.7,75
2025-10-01 09:26:06+05:30,229.4,75
2025-10-01 09:26:07+05:30,228.7,75
2025-10-01 09:26:08+05:30,228.0,150
2025-10-01 09:26:08+05:30,227.4,300
2025-10-01 09:26:09+05:30,227.65,75
2025-10-01 09:26:10+05:30,228.2,75
2025-10-01 09:26:10+05:30,228.2,75
2025-10-01 09:26:11+05:30,227.5,75
2025-10-01 09:26:11+05:30,227.3,75
2025-10-01 09:26:12+05:30,227.0,75
2025-10-01 09:26:13+05:30,226.55,75
2025-10-01 09:26:13+05:30,226.65,75
2025-10-01 09:26:14+05:30,225.4,150
2025-10-01 09:26:15+05:30,224.7,75
2025-10-01 09:26:15+05:30,224.7,75
2025-10-01 09:26:16+05:30,225.1,75
2025-10-01 09:26:16+05:30,224.5,75
2025-10-01 09:26:17+05:30,224.0,75
2025-10-01 09:26:18+05:30,225.2,75
2025-10-01 09:26:18+05:30,224.4,75
2025-10-01 09:26:19+05:30,225.8,75
2025-10-01 09:26:20+05:30,227.25,75
2025-10-01 09:26:20+05:30,228.4,75
2025-10-01 09:26:21+05:30,228.65,75
2025-10-01 09:26:21+05:30,230.0,75
2025-10-01 09:26:22+05:30,230.0,75
2025-10-01 09:26:23+05:30,229.55,75
2025-10-01 09:26:23+05:30,229.55,75
2025-10-01 09:26:24+05:30,228.7,75
2025-10-01 09:26:25+05:30,229.15,75
2025-10-01 09:26:25+05:30,230.5,150
2025-10-01 09:26:26+05:30,230.3,75
2025-10-01 09:26:26+05:30,230.75,75
2025-10-01 09:26:27+05:30,230.75,75
2025-10-01 09:26:28+05:30,230.55,75
2025-10-01 09:26:28+05:30,230.75,75
2025-10-01 09:26:29+05:30,230.6,75
2025-10-01 09:26:30+05:30,230.6,75
2025-10-01 09:26:30+05:30,229.5,75
2025-10-01 09:26:30+05:30,229.4,75
2025-10-01 09:26:31+05:30,230.0,75
2025-10-01 09:26:31+05:30,230.05,75
2025-10-01 09:26:32+05:30,230.05,75
2025-10-01 09:26:33+05:30,230.15,75
2025-10-01 09:26:33+05:30,230.2,75
2025-10-01 09:26:34+05:30,230.2,75
2025-10-01 09:26:35+05:30,229.9,75
2025-10-01 09:26:35+05:30,229.9,75
2025-10-01 09:26:36+05:30,230.7,75
2025-10-01 09:26:37+05:30,230.0,150
2025-10-01 09:26:37+05:30,230.6,75
2025-10-01 09:26:38+05:30,230.25,75
2025-10-01 09:26:38+05:30,230.25,75
2025-10-01 09:26:39+05:30,230.6,75
2025-10-01 09:26:40+05:30,230.45,75
2025-10-01 09:26:40+05:30,230.45,75
2025-10-01 09:26:41+05:30,230.85,75
2025-10-01 09:26:42+05:30,231.4,75
2025-10-01 09:26:42+05:30,231.5,150
2025-10-01 09:26:43+05:30,232.65,150
2025-10-01 09:26:43+05:30,232.95,75
2025-10-01 09:26:44+05:30,233.35,75
2025-10-01 09:26:45+05:30,233.0,75
2025-10-01 09:26:45+05:30,231.4,75
2025-10-01 09:26:46+05:30,231.1,75
2025-10-01 09:26:47+05:30,231.65,75
2025-10-01 09:26:47+05:30,231.25,75
2025-10-01 09:26:48+05:30,230.6,75
2025-10-01 09:26:48+05:30,230.85,75
2025-10-01 09:26:49+05:30,231.05,75
2025-10-01 09:26:50+05:30,231.9,75
2025-10-01 09:26:50+05:30,231.9,75
2025-10-01 09:26:51+05:30,231.75,75
2025-10-01 09:26:52+05:30,232.4,75
2025-10-01 09:26:52+05:30,232.4,75
2025-10-01 09:26:53+05:30,232.1,75
2025-10-01 09:26:53+05:30,232.05,150
2025-10-01 09:26:54+05:30,232.25,75
2025-10-01 09:26:55+05:30,231.95,75
2025-10-01 09:26:55+05:30,231.95,75
2025-10-01 09:26:56+05:30,232.3,150
2025-10-01 09:26:57+05:30,232.2,150
2025-10-01 09:26:57+05:30,231.9,150
2025-10-01 09:26:58+05:30,231.55,75
2025-10-01 09:26:58+05:30,231.5,75
2025-10-01 09:26:59+05:30,231.5,75
2025-10-01 09:27:00+05:30,231.5,75
2025-10-01 09:27:00+05:30,231.8,75
2025-10-01 09:27:00+05:30,232.0,75
2025-10-01 09:27:01+05:30,232.35,75
2025-10-01 09:27:02+05:30,231.85,75
2025-10-01 09:27:02+05:30,231.85,75
2025-10-01 09:27:03+05:30,232.0,75
2025-10-01 09:27:03+05:30,231.4,75
2025-10-01 09:27:04+05:30,231.45,75
2025-10-01 09:27:05+05:30,231.1,75
2025-10-01 09:27:05+05:30,231.1,75
2025-10-01 09:27:06+05:30,231.1,75
2025-10-01 09:27:07+05:30,229.6,75
2025-10-01 09:27:07+05:30,229.55,75
2025-10-01 09:27:08+05:30,229.75,75
2025-10-01 09:27:08+05:30,231.4,75
2025-10-01 09:27:09+05:30,231.4,75
2025-10-01 09:27:10+05:30,231.05,75
2025-10-01 09:27:10+05:30,231.85,75
2025-10-01 09:27:11+05:30,232.0,225
2025-10-01 09:27:12+05:30,232.55,75
2025-10-01 09:27:12+05:30,232.0,75
2025-10-01 09:27:13+05:30,232.1,75
2025-10-01 09:27:13+05:30,232.1,225
2025-10-01 09:27:14+05:30,231.7,75
2025-10-01 09:27:15+05:30,230.75,75
2025-10-01 09:27:15+05:30,230.75,75
2025-10-01 09:27:16+05:30,231.45,75
2025-10-01 09:27:17+05:30,232.15,75
2025-10-01 09:27:17+05:30,232.15,75
2025-10-01 09:27:18+05:30,232.3,75
2025-10-01 09:27:18+05:30,231.5,75
2025-10-01 09:27:19+05:30,231.0,750
2025-10-01 09:27:20+05:30,231.1,75
2025-10-01 09:27:20+05:30,231.1,75
2025-10-01 09:27:21+05:30,230.9,75
2025-10-01 09:27:21+05:30,231.4,75
2025-10-01 09:27:22+05:30,231.4,75
2025-10-01 09:27:23+05:30,230.6,75
2025-10-01 09:27:23+05:30,230.55,75
2025-10-01 09:27:24+05:30,230.5,150
2025-10-01 09:27:25+05:30,230.0,75
2025-10-01 09:27:25+05:30,230.0,75
2025-10-01 09:27:26+05:30,229.75,75
2025-10-01 09:27:26+05:30,229.55,150
2025-10-01 09:27:27+05:30,230.4,75
2025-10-01 09:27:28+05:30,230.95,75
2025-10-01 09:27:28+05:30,230.85,75
2025-10-01 09:27:29+05:30,231.1,75
2025-10-01 09:27:30+05:30,231.1,75
2025-10-01 09:27:30+05:30,232.65,75
2025-10-01 09:27:30+05:30,232.5,75
2025-10-01 09:27:31+05:30,233.0,75
2025-10-01 09:27:31+05:30,234.6,150
2025-10-01 09:27:32+05:30,234.6,150
2025-10-01 09:27:33+05:30,234.4,75
2025-10-01 09:27:33+05:30,233.8,75
2025-10-01 09:27:34+05:30,234.7,75
2025-10-01 09:27:35+05:30,233.4,75
2025-10-01 09:27:35+05:30,233.4,75
2025-10-01 09:27:36+05:30,233.2,150
2025-10-01 09:27:36+05:30,233.05,75
2025-10-01 09:27:37+05:30,233.25,75
2025-10-01 09:27:38+05:30,233.45,75
2025-10-01 09:27:38+05:30,233.45,75
2025-10-01 09:27:39+05:30,232.9,75
2025-10-01 09:27:40+05:30,232.75,75
2025-10-01 09:27:40+05:30,232.75,75
2025-10-01 09:27:41+05:30,232.15,150
2025-10-01 09:27:41+05:30,231.7,75
2025-10-01 09:27:42+05:30,231.5,75
2025-10-01 09:27:43+05:30,231.55,75
2025-10-01 09:27:44+05:30,231.6,75
2025-10-01 09:27:45+05:30,232.05,225
2025-10-01 09:27:45+05:30,232.05,225
2025-10-01 09:27:46+05:30,232.0,75
2025-10-01 09:27:46+05:30,231.2,75
2025-10-01 09:27:47+05:30,231.2,150
2025-10-01 09:27:48+05:30,232.55,75
2025-10-01 09:27:48+05:30,231.8,75
2025-10-01 09:27:49+05:30,231.6,75
2025-10-01 09:27:50+05:30,232.35,150
2025-10-01 09:27:50+05:30,232.45,75
2025-10-01 09:27:51+05:30,231.6,75
2025-10-01 09:27:51+05:30,232.45,150
2025-10-01 09:27:52+05:30,232.0,75
2025-10-01 09:27:53+05:30,232.0,75
2025-10-01 09:27:54+05:30,231.9,75
2025-10-01 09:27:55+05:30,231.25,75
2025-10-01 09:27:55+05:30,231.25,75
2025-10-01 09:27:56+05:30,231.4,75
2025-10-01 09:27:56+05:30,231.8,75
2025-10-01 09:27:57+05:30,231.8,75
2025-10-01 09:27:58+05:30,230.85,75
2025-10-01 09:27:58+05:30,230.85,75
2025-10-01 09:27:59+05:30,231.9,75
2025-10-01 09:28:00+05:30,231.9,75
2025-10-01 09:28:00+05:30,231.2,75
2025-10-01 09:28:00+05:30,231.2,75
2025-10-01 09:28:01+05:30,232.35,75
2025-10-01 09:28:01+05:30,232.45,75
2025-10-01 09:28:02+05:30,232.6,75
2025-10-01 09:28:03+05:30,233.0,75
2025-10-01 09:28:03+05:30,234.0,75
2025-10-01 09:28:04+05:30,234.3,75
2025-10-01 09:28:05+05:30,232.7,75
2025-10-01 09:28:05+05:30,232.7,150
2025-10-01 09:28:06+05:30,233.55,75
2025-10-01 09:28:06+05:30,234.25,75
2025-10-01 09:28:07+05:30,234.4,225
2025-10-01 09:28:08+05:30,234.3,75
2025-10-01 09:28:08+05:30,234.3,75
2025-10-01 09:28:09+05:30,234.0,75
2025-10-01 09:28:10+05:30,233.9,150
2025-10-01 09:28:10+05:30,234.4,75
2025-10-01 09:28:11+05:30,234.4,150
2025-10-01 09:28:11+05:30,235.0,75
2025-10-01 09:28:12+05:30,235.2,75
2025-10-01 09:28:13+05:30,234.8,75
2025-10-01 09:28:13+05:30,234.75,75
2025-10-01 09:28:14+05:30,235.0,75
2025-10-01 09:28:15+05:30,234.0,75
2025-10-01 09:28:15+05:30,233.5,75
2025-10-01 09:28:16+05:30,233.05,75
2025-10-01 09:28:16+05:30,233.05,75
2025-10-01 09:28:17+05:30,234.1,75
2025-10-01 09:28:18+05:30,234.15,75
2025-10-01 09:28:18+05:30,233.9,150
2025-10-01 09:28:19+05:30,233.3,75
2025-10-01 09:28:20+05:30,232.8,75
2025-10-01 09:28:20+05:30,232.8,75
2025-10-01 09:28:21+05:30,232.15,75
2025-10-01 09:28:21+05:30,232.1,375
2025-10-01 09:28:22+05:30,232.0,150
2025-10-01 09:28:23+05:30,232.7,75
2025-10-01 09:28:23+05:30,233.4,75
2025-10-01 09:28:24+05:30,234.5,75
2025-10-01 09:28:25+05:30,234.45,75
2025-10-01 09:28:25+05:30,234.45,75
2025-10-01 09:28:26+05:30,235.0,75
2025-10-01 09:28:26+05:30,234.55,75
2025-10-01 09:28:27+05:30,235.0,75
2025-10-01 09:28:28+05:30,235.05,75
2025-10-01 09:28:28+05:30,235.05,75
2025-10-01 09:28:29+05:30,235.7,75
2025-10-01 09:28:30+05:30,235.7,75
2025-10-01 09:28:30+05:30,235.4,75
2025-10-01 09:28:30+05:30,235.4,75
2025-10-01 09:28:31+05:30,237.0,300
2025-10-01 09:28:31+05:30,236.45,75
2025-10-01 09:28:32+05:30,236.6,75
2025-10-01 09:28:33+05:30,236.35,75
2025-10-01 09:28:33+05:30,236.35,75
2025-10-01 09:28:34+05:30,236.5,150
2025-10-01 09:28:35+05:30,236.5,75
2025-10-01 09:28:35+05:30,236.5,75
2025-10-01 09:28:36+05:30,237.1,150
2025-10-01 09:28:36+05:30,237.35,75
2025-10-01 09:28:37+05:30,237.0,75
2025-10-01 09:28:38+05:30,237.1,75
2025-10-01 09:28:38+05:30,237.2,75
2025-10-01 09:28:39+05:30,237.2,75
2025-10-01 09:28:40+05:30,235.65,75
2025-10-01 09:28:40+05:30,235.7,75
2025-10-01 09:28:41+05:30,236.6,75
2025-10-01 09:28:41+05:30,236.0,75
2025-10-01 09:28:42+05:30,236.55,75
2025-10-01 09:28:43+05:30,236.05,75
2025-10-01 09:28:43+05:30,235.3,75
2025-10-01 09:28:44+05:30,235.8,75
2025-10-01 09:28:45+05:30,236.0,225
2025-10-01 09:28:45+05:30,236.0,225
2025-10-01 09:28:46+05:30,236.1,75
2025-10-01 09:28:46+05:30,236.1,75
2025-10-01 09:28:47+05:30,236.25,75
2025-10-01 09:28:48+05:30,236.3,75
2025-10-01 09:28:48+05:30,236.3,75
2025-10-01 09:28:49+05:30,235.95,75
2025-10-01 09:28:50+05:30,235.45,75
2025-10-01 09:28:50+05:30,235.45,75
2025-10-01 09:28:51+05:30,235.2,75
2025-10-01 09:28:51+05:30,234.6,300
2025-10-01 09:28:52+05:30,234.65,75
2025-10-01 09:28:53+05:30,234.35,75
2025-10-01 09:28:53+05:30,235.15,75
2025-10-01 09:28:54+05:30,235.6,75
2025-10-01 09:28:55+05:30,236.0,75
2025-10-01 09:28:55+05:30,236.05,75
2025-10-01 09:28:56+05:30,235.6,75
2025-10-01 09:28:56+05:30,235.5,375
2025-10-01 09:28:57+05:30,235.5,150
2025-10-01 09:28:58+05:30,235.8,75
2025-10-01 09:28:58+05:30,235.8,75
2025-10-01 09:28:59+05:30,235.5,150
2025-10-01 09:29:00+05:30,235.5,150
2025-10-01 09:29:00+05:30,234.0,75
2025-10-01 09:29:00+05:30,234.0,75
2025-10-01 09:29:01+05:30,235.35,75
2025-10-01 09:29:01+05:30,234.8,150
2025-10-01 09:29:02+05:30,234.85,75
2025-10-01 09:29:03+05:30,234.55,75
2025-10-01 09:29:03+05:30,234.55,75
2025-10-01 09:29:04+05:30,234.8,75
2025-10-01 09:29:05+05:30,234.5,75
2025-10-01 09:29:05+05:30,234.5,75
2025-10-01 09:29:06+05:30,235.0,75
2025-10-01 09:29:06+05:30,235.0,75
2025-10-01 09:29:07+05:30,234.95,75
2025-10-01 09:29:08+05:30,234.0,150
2025-10-01 09:29:08+05:30,234.0,150
2025-10-01 09:29:09+05:30,235.2,75
2025-10-01 09:29:10+05:30,234.3,75
2025-10-01 09:29:10+05:30,234.0,1200
2025-10-01 09:29:11+05:30,233.7,75
2025-10-01 09:29:11+05:30,233.8,75
2025-10-01 09:29:12+05:30,233.75,75
2025-10-01 09:29:13+05:30,233.75,150
2025-10-01 09:29:13+05:30,233.75,150
2025-10-01 09:29:14+05:30,234.8,75
2025-10-01 09:29:15+05:30,233.75,225
2025-10-01 09:29:15+05:30,234.6,75
2025-10-01 09:29:16+05:30,233.8,75
2025-10-01 09:29:16+05:30,233.2,75
2025-10-01 09:29:17+05:30,232.3,150
2025-10-01 09:29:18+05:30,232.1,75
2025-10-01 09:29:18+05:30,232.1,75
2025-10-01 09:29:19+05:30,233.1,150
2025-10-01 09:29:20+05:30,233.1,75
2025-10-01 09:29:20+05:30,233.05,75
2025-10-01 09:29:21+05:30,233.3,75
2025-10-01 09:29:21+05:30,234.15,75
2025-10-01 09:29:22+05:30,235.4,225
2025-10-01 09:29:23+05:30,237.0,75
2025-10-01 09:29:23+05:30,236.7,75
2025-10-01 09:29:24+05:30,235.2,75
2025-10-01 09:29:25+05:30,235.0,75
2025-10-01 09:29:25+05:30,235.85,75
2025-10-01 09:29:26+05:30,236.5,75
2025-10-01 09:29:26+05:30,237.0,75
2025-10-01 09:29:27+05:30,236.9,75
2025-10-01 09:29:28+05:30,235.2,75
2025-10-01 09:29:28+05:30,235.8,225
2025-10-01 09:29:29+05:30,236.25,75
2025-10-01 09:29:30+05:30,236.25,75
2025-10-01 09:29:30+05:30,236.45,75
2025-10-01 09:29:30+05:30,235.8,75
2025-10-01 09:29:31+05:30,236.85,75
2025-10-01 09:29:31+05:30,236.8,75
2025-10-01 09:29:32+05:30,236.5,75
2025-10-01 09:29:33+05:30,236.25,75
2025-10-01 09:29:33+05:30,236.25,75
2025-10-01 09:29:34+05:30,236.35,225
2025-10-01 09:29:35+05:30,236.25,75
2025-10-01 09:29:35+05:30,236.4,75
2025-10-01 09:29:36+05:30,236.35,75
2025-10-01 09:29:36+05:30,236.3,75
2025-10-01 09:29:37+05:30,236.0,75
2025-10-01 09:29:38+05:30,236.55,75
2025-10-01 09:29:38+05:30,236.4,75
2025-10-01 09:29:39+05:30,237.0,75
2025-10-01 09:29:40+05:30,237.0,75
2025-10-01 09:29:40+05:30,237.75,75
2025-10-01 09:29:41+05:30,238.8,75
2025-10-01 09:29:41+05:30,237.95,75
2025-10-01 09:29:42+05:30,237.05,75
2025-10-01 09:29:43+05:30,237.25,150
2025-10-01 09:29:43+05:30,237.25,150
2025-10-01 09:29:44+05:30,237.55,150
2025-10-01 09:29:45+05:30,237.4,75
2025-10-01 09:29:45+05:30,236.8,75
2025-10-01 09:29:46+05:30,237.2,75
2025-10-01 09:29:46+05:30,236.75,75
2025-10-01 09:29:47+05:30,237.55,75
2025-10-01 09:29:48+05:30,236.9,75
2025-10-01 09:29:48+05:30,236.9,75
2025-10-01 09:29:49+05:30,236.2,75
2025-10-01 09:29:49+05:30,235.0,375
2025-10-01 09:29:50+05:30,235.0,375
2025-10-01 09:29:51+05:30,235.6,75
2025-10-01 09:29:51+05:30,235.1,75
2025-10-01 09:29:52+05:30,235.4,75
2025-10-01 09:29:53+05:30,235.35,150
2025-10-01 09:29:53+05:30,235.35,150
2025-10-01 09:29:54+05:30,237.5,225
2025-10-01 09:29:54+05:30,236.5,75
2025-10-01 09:29:55+05:30,236.35,75
2025-10-01 09:29:56+05:30,237.2,75
2025-10-01 09:29:56+05:30,236.9,75
2025-10-01 09:29:57+05:30,237.95,150
2025-10-01 09:29:58+05:30,238.0,150
2025-10-01 09:29:58+05:30,238.35,150
2025-10-01 09:29:59+05:30,237.65,75
2025-10-01 09:29:59+05:30,237.9,75
2025-10-01 09:30:00+05:30,237.9,75
2025-10-01 09:30:00+05:30,236.35,75
2025-10-01 09:30:01+05:30,236.65,75
2025-10-01 09:30:01+05:30,237.05,225
2025-10-01 09:30:02+05:30,237.75,75
2025-10-01 09:30:03+05:30,237.75,75
2025-10-01 09:30:03+05:30,238.0,75
2025-10-01 09:30:04+05:30,237.85,75
2025-10-01 09:30:04+05:30,237.9,75
2025-10-01 09:30:05+05:30,237.55,75
2025-10-01 09:30:06+05:30,238.25,75
2025-10-01 09:30:06+05:30,238.25,75
2025-10-01 09:30:07+05:30,238.05,75
2025-10-01 09:30:08+05:30,239.25,75
2025-10-01 09:30:08+05:30,238.6,75
2025-10-01 09:30:09+05:30,238.35,75
2025-10-01 09:30:09+05:30,238.35,75
2025-10-01 09:30:10+05:30,237.85,75
2025-10-01 09:30:11+05:30,238.4,75
2025-10-01 09:30:11+05:30,238.4,75
2025-10-01 09:30:12+05:30,237.6,75
2025-10-01 09:30:13+05:30,237.6,150
2025-10-01 09:30:13+05:30,237.6,150
2025-10-01 09:30:14+05:30,237.35,150
2025-10-01 09:30:14+05:30,237.6,75
2025-10-01 09:30:15+05:30,237.6,375
2025-10-01 09:30:16+05:30,237.6,75
2025-10-01 09:30:16+05:30,237.6,75
2025-10-01 09:30:17+05:30,238.25,75
2025-10-01 09:30:18+05:30,237.85,75
2025-10-01 09:30:18+05:30,238.1,75
2025-10-01 09:30:19+05:30,237.2,225
2025-10-01 09:30:19+05:30,237.65,75
2025-10-01 09:30:20+05:30,237.6,75
2025-10-01 09:30:21+05:30,238.8,75
2025-10-01 09:30:21+05:30,238.8,75
2025-10-01 09:30:22+05:30,237.75,75
2025-10-01 09:30:23+05:30,237.9,150
2025-10-01 09:30:23+05:30,237.9,150
2025-10-01 09:30:24+05:30,237.0,75
2025-10-01 09:30:24+05:30,237.2,75
2025-10-01 09:30:25+05:30,236.35,75
2025-10-01 09:30:26+05:30,237.1,75
2025-10-01 09:30:26+05:30,237.1,75
2025-10-01 09:30:27+05:30,237.1,150
2025-10-01 09:30:27+05:30,235.8,75
2025-10-01 09:30:28+05:30,235.7,75
2025-10-01 09:30:29+05:30,236.25,75
2025-10-01 09:30:29+05:30,236.25,75
2025-10-01 09:30:30+05:30,236.25,75
2025-10-01 09:30:30+05:30,235.75,300
2025-10-01 09:30:31+05:30,237.0,75
2025-10-01 09:30:31+05:30,236.6,75
2025-10-01 09:30:32+05:30,236.8,75
2025-10-01 09:30:32+05:30,236.85,75
2025-10-01 09:30:33+05:30,237.1,75
2025-10-01 09:30:34+05:30,237.15,75
2025-10-01 09:30:34+05:30,237.2,75
2025-10-01 09:30:35+05:30,237.05,300
2025-10-01 09:30:36+05:30,238.05,75
2025-10-01 09:30:36+05:30,238.05,75
2025-10-01 09:30:37+05:30,238.2,75
2025-10-01 09:30:37+05:30,238.3,75
2025-10-01 09:30:38+05:30,238.7,75
2025-10-01 09:30:39+05:30,238.5,75
2025-10-01 09:30:39+05:30,238.6,750
2025-10-01 09:30:40+05:30,239.2,75
2025-10-01 09:30:41+05:30,240.0,150
2025-10-01 09:30:41+05:30,240.0,150
2025-10-01 09:30:42+05:30,240.6,75
2025-10-01 09:30:42+05:30,241.8,75
2025-10-01 09:30:43+05:30,241.65,75
2025-10-01 09:30:44+05:30,240.8,75
2025-10-01 09:30:44+05:30,240.7,75
2025-10-01 09:30:45+05:30,240.45,75
2025-10-01 09:30:46+05:30,241.1,75
2025-10-01 09:30:46+05:30,241.1,75
2025-10-01 09:30:47+05:30,241.45,75
2025-10-01 09:30:47+05:30,242.35,150
2025-10-01 09:30:48+05:30,242.3,75
2025-10-01 09:30:49+05:30,243.65,75
2025-10-01 09:30:49+05:30,242.95,75
2025-10-01 09:30:50+05:30,243.05,150
2025-10-01 09:30:51+05:30,242.3,225
2025-10-01 09:30:51+05:30,242.5,75
2025-10-01 09:30:52+05:30,240.9,75
2025-10-01 09:30:52+05:30,242.1,75
2025-10-01 09:30:53+05:30,241.5,75
2025-10-01 09:30:54+05:30,241.7,75
2025-10-01 09:30:54+05:30,241.95,75
2025-10-01 09:30:55+05:30,242.45,75
2025-10-01 09:30:56+05:30,242.85,75
2025-10-01 09:30:56+05:30,242.85,75
2025-10-01 09:30:57+05:30,241.75,75
2025-10-01 09:30:58+05:30,241.35,75
2025-10-01 09:30:58+05:30,241.3,150
2025-10-01 09:30:59+05:30,241.6,75
2025-10-01 09:30:59+05:30,242.0,75
2025-10-01 09:31:00+05:30,242.0,75
2025-10-01 09:31:00+05:30,241.25,75
2025-10-01 09:31:01+05:30,241.0,75
2025-10-01 09:31:01+05:30,241.0,75
2025-10-01 09:31:02+05:30,241.85,75
2025-10-01 09:31:03+05:30,241.8,75
2025-10-01 09:31:03+05:30,242.95,75
2025-10-01 09:31:04+05:30,242.55,75
2025-10-01 09:31:04+05:30,242.5,75
2025-10-01 09:31:05+05:30,242.85,75
2025-10-01 09:31:06+05:30,243.55,150
2025-10-01 09:31:06+05:30,243.6,75
2025-10-01 09:31:07+05:30,242.0,75
2025-10-01 09:31:08+05:30,242.35,75
2025-10-01 09:31:08+05:30,241.85,75
2025-10-01 09:31:09+05:30,241.15,75
2025-10-01 09:31:09+05:30,240.75,75
2025-10-01 09:31:10+05:30,241.0,75
2025-10-01 09:31:11+05:30,240.05,75
2025-10-01 09:31:11+05:30,240.6,150
2025-10-01 09:31:12+05:30,239.6,75
2025-10-01 09:31:13+05:30,240.65,75
2025-10-01 09:31:13+05:30,240.6,225
2025-10-01 09:31:14+05:30,242.0,75
2025-10-01 09:31:14+05:30,242.0,450
2025-10-01 09:31:15+05:30,242.0,75
2025-10-01 09:31:16+05:30,242.4,75
2025-10-01 09:31:16+05:30,242.35,75
2025-10-01 09:31:17+05:30,240.65,75
2025-10-01 09:31:18+05:30,241.2,75
2025-10-01 09:31:18+05:30,240.55,75
2025-10-01 09:31:19+05:30,240.8,75
2025-10-01 09:31:19+05:30,240.8,75
2025-10-01 09:31:20+05:30,241.8,75
2025-10-01 09:31:21+05:30,241.55,75
2025-10-01 09:31:21+05:30,241.55,75
2025-10-01 09:31:22+05:30,241.9,75
2025-10-01 09:31:22+05:30,242.0,150
2025-10-01 09:31:23+05:30,242.0,75
2025-10-01 09:31:24+05:30,242.25,75
2025-10-01 09:31:24+05:30,242.2,75
2025-10-01 09:31:25+05:30,242.0,75
2025-10-01 09:31:26+05:30,241.8,75
2025-10-01 09:31:26+05:30,242.3,75
2025-10-01 09:31:27+05:30,241.5,75
2025-10-01 09:31:27+05:30,241.85,75
2025-10-01 09:31:28+05:30,241.0,150
2025-10-01 09:31:29+05:30,241.3,75
2025-10-01 09:31:29+05:30,241.3,75
2025-10-01 09:31:30+05:30,241.3,75
2025-10-01 09:31:30+05:30,240.5,150
2025-10-01 09:31:31+05:30,239.75,75
2025-10-01 09:31:31+05:30,239.75,75
2025-10-01 09:31:32+05:30,240.2,75
2025-10-01 09:31:32+05:30,240.0,75
2025-10-01 09:31:33+05:30,239.7,150
2025-10-01 09:31:34+05:30,241.8,75
2025-10-01 09:31:34+05:30,241.8,75
2025-10-01 09:31:35+05:30,240.0,75
2025-10-01 09:31:36+05:30,241.0,75
2025-10-01 09:31:36+05:30,241.0,75
2025-10-01 09:31:37+05:30,241.05,75
2025-10-01 09:31:37+05:30,241.9,75
2025-10-01 09:31:38+05:30,242.0,150
2025-10-01 09:31:39+05:30,242.0,75
2025-10-01 09:31:39+05:30,242.0,75
2025-10-01 09:31:40+05:30,241.55,75
2025-10-01 09:31:41+05:30,242.0,75
2025-10-01 09:31:41+05:30,242.0,75
2025-10-01 09:31:42+05:30,242.05,75
2025-10-01 09:31:42+05:30,242.55,75
2025-10-01 09:31:43+05:30,242.55,75
2025-10-01 09:31:44+05:30,242.4,75
2025-10-01 09:31:44+05:30,242.95,75
2025-10-01 09:31:45+05:30,242.4,75
2025-10-01 09:31:46+05:30,242.25,75
2025-10-01 09:31:46+05:30,242.25,75
2025-10-01 09:31:47+05:30,240.8,75
2025-10-01 09:31:47+05:30,241.1,75
2025-10-01 09:31:48+05:30,240.35,150
2025-10-01 09:31:49+05:30,240.85,75
2025-10-01 09:31:49+05:30,240.85,75
2025-10-01 09:31:50+05:30,241.3,150
2025-10-01 09:31:51+05:30,241.3,150
2025-10-01 09:31:51+05:30,240.75,225
2025-10-01 09:31:52+05:30,240.7,75
2025-10-01 09:31:52+05:30,240.7,75
2025-10-01 09:31:53+05:30,241.2,150
2025-10-01 09:31:54+05:30,241.2,150
2025-10-01 09:31:54+05:30,241.1,150
2025-10-01 09:31:55+05:30,241.3,75
2025-10-01 09:31:55+05:30,241.0,75
2025-10-01 09:31:56+05:30,239.45,75
2025-10-01 09:31:57+05:30,238.9,150
2025-10-01 09:31:57+05:30,239.05,75
2025-10-01 09:31:58+05:30,238.1,75
2025-10-01 09:31:59+05:30,237.95,75
2025-10-01 09:31:59+05:30,237.95,75
2025-10-01 09:32:00+05:30,237.95,75
2025-10-01 09:32:00+05:30,237.45,75
2025-10-01 09:32:00+05:30,238.0,75
2025-10-01 09:32:01+05:30,237.7,75
2025-10-01 09:32:02+05:30,237.45,75
2025-10-01 09:32:02+05:30,237.6,75
2025-10-01 09:32:03+05:30,238.0,75
2025-10-01 09:32:04+05:30,239.55,75
2025-10-01 09:32:04+05:30,239.55,75
2025-10-01 09:32:05+05:30,239.1,75
2025-10-01 09:32:05+05:30,239.4,75
2025-10-01 09:32:06+05:30,239.75,75
2025-10-01 09:32:07+05:30,239.15,75
2025-10-01 09:32:07+05:30,239.15,75
2025-10-01 09:32:08+05:30,239.2,75
2025-10-01 09:32:09+05:30,239.05,75
2025-10-01 09:32:09+05:30,238.6,75
2025-10-01 09:32:10+05:30,237.6,300
2025-10-01 09:32:10+05:30,238.0,75
2025-10-01 09:32:11+05:30,238.0,75
2025-10-01 09:32:12+05:30,238.9,150
2025-10-01 09:32:12+05:30,239.2,150
2025-10-01 09:32:13+05:30,238.8,75
2025-10-01 09:32:14+05:30,238.95,75
2025-10-01 09:32:14+05:30,239.1,150
2025-10-01 09:32:15+05:30,238.9,75
2025-10-01 09:32:15+05:30,238.85,300
2025-10-01 09:32:16+05:30,238.85,300
2025-10-01 09:32:17+05:30,237.85,75
2025-10-01 09:32:17+05:30,237.85,75
2025-10-01 09:32:18+05:30,238.8,75
2025-10-01 09:32:18+05:30,238.4,75
2025-10-01 09:32:19+05:30,238.0,1800
2025-10-01 09:32:20+05:30,237.75,150
2025-10-01 09:32:20+05:30,238.6,75
2025-10-01 09:32:21+05:30,238.5,75
2025-10-01 09:32:22+05:30,238.4,75
2025-10-01 09:32:22+05:30,238.4,75
2025-10-01 09:32:23+05:30,238.2,75
2025-10-01 09:32:24+05:30,237.6,75
2025-10-01 09:32:25+05:30,237.45,75
2025-10-01 09:32:25+05:30,237.35,75
2025-10-01 09:32:26+05:30,237.5,75
2025-10-01 09:32:27+05:30,236.85,75
2025-10-01 09:32:27+05:30,237.4,150
2025-10-01 09:32:28+05:30,237.6,225
2025-10-01 09:32:28+05:30,238.5,150
2025-10-01 09:32:29+05:30,237.9,75
2025-10-01 09:32:30+05:30,237.9,75
2025-10-01 09:32:30+05:30,238.1,75
2025-10-01 09:32:30+05:30,238.1,75
2025-10-01 09:32:31+05:30,237.5,300
2025-10-01 09:32:32+05:30,237.25,75
2025-10-01 09:32:32+05:30,237.8,75
2025-10-01 09:32:33+05:30,237.5,75
2025-10-01 09:32:33+05:30,238.2,75
2025-10-01 09:32:34+05:30,238.9,75
2025-10-01 09:32:35+05:30,238.8,75
2025-10-01 09:32:35+05:30,238.8,75
2025-10-01 09:32:36+05:30,238.4,150
2025-10-01 09:32:37+05:30,237.9,75
2025-10-01 09:32:37+05:30,237.9,75
2025-10-01 09:32:38+05:30,237.4,75
2025-10-01 09:32:38+05:30,236.9,150
2025-10-01 09:32:39+05:30,236.9,150
2025-10-01 09:32:40+05:30,236.45,150
2025-10-01 09:32:40+05:30,236.25,75
2025-10-01 09:32:41+05:30,237.25,75
2025-10-01 09:32:42+05:30,237.15,75
2025-10-01 09:32:42+05:30,237.15,75
2025-10-01 09:32:43+05:30,237.55,75
2025-10-01 09:32:43+05:30,237.2,75
2025-10-01 09:32:44+05:30,237.55,150
2025-10-01 09:32:45+05:30,237.1,75
2025-10-01 09:32:45+05:30,236.95,75
2025-10-01 09:32:46+05:30,238.0,75
2025-10-01 09:32:47+05:30,237.9,150
2025-10-01 09:32:47+05:30,237.9,150
2025-10-01 09:32:48+05:30,237.45,150
2025-10-01 09:32:48+05:30,237.1,75
2025-10-01 09:32:49+05:30,237.1,75
2025-10-01 09:32:50+05:30,237.8,75
2025-10-01 09:32:50+05:30,237.5,75
2025-10-01 09:32:51+05:30,237.7,75
2025-10-01 09:32:52+05:30,236.3,75
2025-10-01 09:32:52+05:30,236.3,75
2025-10-01 09:32:53+05:30,235.9,75
2025-10-01 09:32:53+05:30,235.95,75
2025-10-01 09:32:54+05:30,235.7,75
2025-10-01 09:32:55+05:30,235.0,75
2025-10-01 09:32:55+05:30,235.8,75
2025-10-01 09:32:56+05:30,236.05,75
2025-10-01 09:32:57+05:30,235.8,75
2025-10-01 09:32:57+05:30,235.6,75
2025-10-01 09:32:58+05:30,236.1,75
2025-10-01 09:32:59+05:30,237.0,450
2025-10-01 09:32:59+05:30,237.0,75
2025-10-01 09:33:00+05:30,237.0,75
2025-10-01 09:33:00+05:30,238.45,300
2025-10-01 09:33:00+05:30,238.45,300
2025-10-01 09:33:01+05:30,238.0,150
2025-10-01 09:33:02+05:30,238.55,75
2025-10-01 09:33:02+05:30,238.55,75
2025-10-01 09:33:03+05:30,239.55,75
2025-10-01 09:33:04+05:30,239.1,75
2025-10-01 09:33:04+05:30,239.1,75
2025-10-01 09:33:05+05:30,239.5,75
2025-10-01 09:33:05+05:30,240.0,75
2025-10-01 09:33:06+05:30,239.2,75
2025-10-01 09:33:07+05:30,239.3,75
2025-10-01 09:33:07+05:30,239.85,75
2025-10-01 09:33:08+05:30,239.6,75
2025-10-01 09:33:09+05:30,239.95,75
2025-10-01 09:33:09+05:30,239.95,75
2025-10-01 09:33:10+05:30,240.95,75
2025-10-01 09:33:10+05:30,242.4,75
2025-10-01 09:33:11+05:30,241.6,225
2025-10-01 09:33:12+05:30,241.55,150
2025-10-01 09:33:12+05:30,241.0,75
2025-10-01 09:33:13+05:30,240.2,75
2025-10-01 09:33:14+05:30,240.15,75
2025-10-01 09:33:14+05:30,239.95,75
2025-10-01 09:33:15+05:30,241.15,75
2025-10-01 09:33:15+05:30,241.15,75
2025-10-01 09:33:16+05:30,240.8,225
2025-10-01 09:33:17+05:30,240.65,75
2025-10-01 09:33:17+05:30,240.65,75
2025-10-01 09:33:18+05:30,240.55,225
2025-10-01 09:33:19+05:30,240.9,75
2025-10-01 09:33:19+05:30,240.9,75
2025-10-01 09:33:20+05:30,240.6,75
2025-10-01 09:33:20+05:30,240.6,75
2025-10-01 09:33:21+05:30,241.35,75
2025-10-01 09:33:22+05:30,241.4,75
2025-10-01 09:33:22+05:30,241.4,75
2025-10-01 09:33:23+05:30,242.0,75
2025-10-01 09:33:24+05:30,241.7,375
2025-10-01 09:33:24+05:30,241.7,375
2025-10-01 09:33:25+05:30,241.8,150
2025-10-01 09:33:25+05:30,241.7,75
2025-10-01 09:33:26+05:30,241.3,75
2025-10-01 09:33:27+05:30,243.0,225
2025-10-01 09:33:27+05:30,243.0,225
2025-10-01 09:33:28+05:30,243.0,75
2025-10-01 09:33:29+05:30,243.1,150
2025-10-01 09:33:29+05:30,243.9,75
2025-10-01 09:33:30+05:30,243.9,75
2025-10-01 09:33:30+05:30,243.0,75
2025-10-01 09:33:30+05:30,243.35,75
2025-10-01 09:33:31+05:30,243.85,150
2025-10-01 09:33:32+05:30,243.2,75
2025-10-01 09:33:32+05:30,243.4,150
2025-10-01 09:33:33+05:30,243.2,75
2025-10-01 09:33:34+05:30,243.2,150
2025-10-01 09:33:34+05:30,242.3,75
2025-10-01 09:33:35+05:30,242.25,75
2025-10-01 09:33:35+05:30,242.25,75
2025-10-01 09:33:36+05:30,242.45,150
2025-10-01 09:33:37+05:30,243.0,75
2025-10-01 09:33:37+05:30,243.0,75
2025-10-01 09:33:38+05:30,242.7,225
2025-10-01 09:33:39+05:30,242.5,75
2025-10-01 09:33:39+05:30,242.1,300
2025-10-01 09:33:40+05:30,241.1,75
2025-10-01 09:33:40+05:30,240.9,75
2025-10-01 09:33:41+05:30,241.4,75
2025-10-01 09:33:42+05:30,241.3,150
2025-10-01 09:33:42+05:30,241.4,75
2025-10-01 09:33:43+05:30,241.6,75
2025-10-01 09:33:44+05:30,241.5,75
2025-10-01 09:33:44+05:30,241.5,75
2025-10-01 09:33:45+05:30,242.45,75
2025-10-01 09:33:45+05:30,242.45,75
2025-10-01 09:33:46+05:30,242.0,75
2025-10-01 09:33:47+05:30,241.55,75
2025-10-01 09:33:47+05:30,241.1,75
2025-10-01 09:33:48+05:30,241.15,75
2025-10-01 09:33:49+05:30,241.2,75
2025-10-01 09:33:49+05:30,241.15,75
2025-10-01 09:33:50+05:30,240.8,150
2025-10-01 09:33:50+05:30,241.05,75
2025-10-01 09:33:51+05:30,242.0,600
2025-10-01 09:33:52+05:30,242.35,75
2025-10-01 09:33:52+05:30,242.1,75
2025-10-01 09:33:53+05:30,241.9,75
2025-10-01 09:33:54+05:30,242.3,75
2025-10-01 09:33:54+05:30,241.75,75
2025-10-01 09:33:55+05:30,241.45,75
2025-10-01 09:33:55+05:30,241.45,75
2025-10-01 09:33:56+05:30,242.05,75
2025-10-01 09:33:57+05:30,242.2,75
2025-10-01 09:33:57+05:30,242.7,75
2025-10-01 09:33:58+05:30,241.5,75
2025-10-01 09:33:59+05:30,242.1,75
2025-10-01 09:33:59+05:30,242.3,75
2025-10-01 09:34:00+05:30,242.3,75
2025-10-01 09:34:00+05:30,242.25,75
2025-10-01 09:34:00+05:30,242.25,75
2025-10-01 09:34:01+05:30,242.95,75
2025-10-01 09:34:02+05:30,243.0,300
2025-10-01 09:34:02+05:30,242.55,150
2025-10-01 09:34:03+05:30,242.75,75
2025-10-01 09:34:04+05:30,243.0,75
2025-10-01 09:34:04+05:30,243.35,75
2025-10-01 09:34:05+05:30,243.2,75
2025-10-01 09:34:05+05:30,242.85,75
2025-10-01 09:34:06+05:30,242.45,75
2025-10-01 09:34:07+05:30,242.45,75
2025-10-01 09:34:07+05:30,243.7,150
2025-10-01 09:34:08+05:30,242.0,150
2025-10-01 09:34:09+05:30,242.05,75
2025-10-01 09:34:09+05:30,242.3,75
2025-10-01 09:34:10+05:30,243.25,75
2025-10-01 09:34:10+05:30,243.05,75
2025-10-01 09:34:11+05:30,243.05,75
2025-10-01 09:34:12+05:30,243.0,150
2025-10-01 09:34:12+05:30,243.5,75
2025-10-01 09:34:13+05:30,242.9,75
2025-10-01 09:34:13+05:30,243.3,225
2025-10-01 09:34:14+05:30,243.05,75
2025-10-01 09:34:15+05:30,242.4,75
2025-10-01 09:34:15+05:30,242.4,75
2025-10-01 09:34:16+05:30,242.95,75
2025-10-01 09:34:17+05:30,243.3,75
2025-10-01 09:34:17+05:30,243.3,75
2025-10-01 09:34:18+05:30,243.7,75
2025-10-01 09:34:18+05:30,243.85,75
2025-10-01 09:34:19+05:30,243.25,75
2025-10-01 09:34:20+05:30,244.0,75
2025-10-01 09:34:20+05:30,244.0,75
2025-10-01 09:34:21+05:30,244.95,75
2025-10-01 09:34:22+05:30,247.25,75
2025-10-01 09:34:22+05:30,247.55,75
2025-10-01 09:34:23+05:30,248.0,75
2025-10-01 09:34:23+05:30,247.55,150
2025-10-01 09:34:24+05:30,246.55,300
2025-10-01 09:34:25+05:30,245.15,75
2025-10-01 09:34:25+05:30,245.15,75
2025-10-01 09:34:26+05:30,244.95,225
2025-10-01 09:34:27+05:30,244.65,75
2025-10-01 09:34:27+05:30,244.55,75
2025-10-01 09:34:28+05:30,244.85,75
2025-10-01 09:34:28+05:30,245.1,150
2025-10-01 09:34:29+05:30,244.35,75
2025-10-01 09:34:30+05:30,244.35,75
2025-10-01 09:34:30+05:30,244.35,75
2025-10-01 09:34:30+05:30,244.35,75
2025-10-01 09:34:31+05:30,243.6,75
2025-10-01 09:34:32+05:30,243.85,75
2025-10-01 09:34:32+05:30,243.05,75
2025-10-01 09:34:33+05:30,243.3,75
2025-10-01 09:34:33+05:30,243.25,75
2025-10-01 09:34:34+05:30,243.6,75
2025-10-01 09:34:35+05:30,244.25,75
2025-10-01 09:34:35+05:30,244.25,75
2025-10-01 09:34:36+05:30,243.75,75
2025-10-01 09:34:37+05:30,244.15,75
2025-10-01 09:34:37+05:30,243.85,150
2025-10-01 09:34:38+05:30,244.3,150
2025-10-01 09:34:38+05:30,244.6,75
2025-10-01 09:34:39+05:30,244.6,75
2025-10-01 09:34:40+05:30,243.85,150
2025-10-01 09:34:40+05:30,243.85,150
2025-10-01 09:34:41+05:30,244.5,225
2025-10-01 09:34:42+05:30,244.45,600
2025-10-01 09:34:42+05:30,244.45,600
2025-10-01 09:34:43+05:30,244.85,75
2025-10-01 09:34:43+05:30,244.5,75
2025-10-01 09:34:44+05:30,244.2,75
2025-10-01 09:34:45+05:30,243.7,75
2025-10-01 09:34:45+05:30,243.7,75
2025-10-01 09:34:46+05:30,243.85,75
2025-10-01 09:34:47+05:30,243.7,75
2025-10-01 09:34:47+05:30,242.9,75
2025-10-01 09:34:48+05:30,242.55,150
2025-10-01 09:34:48+05:30,242.4,75
2025-10-01 09:34:49+05:30,243.05,225
2025-10-01 09:34:50+05:30,242.45,75
2025-10-01 09:34:50+05:30,243.05,75
2025-10-01 09:34:51+05:30,242.55,75
2025-10-01 09:34:52+05:30,242.9,75
2025-10-01 09:34:52+05:30,242.9,75
2025-10-01 09:34:53+05:30,242.6,150
2025-10-01 09:34:53+05:30,242.6,150
2025-10-01 09:34:54+05:30,241.95,75
2025-10-01 09:34:55+05:30,242.75,150
2025-10-01 09:34:55+05:30,242.75,150
2025-10-01 09:34:56+05:30,243.15,75
2025-10-01 09:34:57+05:30,242.85,75
2025-10-01 09:34:57+05:30,242.85,75
2025-10-01 09:34:58+05:30,242.85,75
2025-10-01 09:35:00+05:30,242.85,75
2025-10-01 09:35:00+05:30,243.2,75
2025-10-01 09:35:00+05:30,243.45,75
2025-10-01 09:35:00+05:30,243.45,75
2025-10-01 09:35:01+05:30,243.65,75
2025-10-01 09:35:02+05:30,244.65,75
2025-10-01 09:35:02+05:30,245.0,75
2025-10-01 09:35:03+05:30,246.35,75
2025-10-01 09:35:03+05:30,246.05,75
2025-10-01 09:35:04+05:30,246.85,225
2025-10-01 09:35:05+05:30,246.55,75
2025-10-01 09:35:05+05:30,247.15,75
2025-10-01 09:35:06+05:30,248.0,75
2025-10-01 09:35:07+05:30,247.15,75
2025-10-01 09:35:07+05:30,247.15,75
2025-10-01 09:35:08+05:30,247.2,75
2025-10-01 09:35:08+05:30,246.4,75
2025-10-01 09:35:09+05:30,246.95,150
2025-10-01 09:35:10+05:30,245.6,75
2025-10-01 09:35:10+05:30,246.15,150
2025-10-01 09:35:11+05:30,245.35,75
2025-10-01 09:35:12+05:30,245.9,75
2025-10-01 09:35:12+05:30,245.5,75
2025-10-01 09:35:13+05:30,245.8,75
2025-10-01 09:35:13+05:30,245.35,75
2025-10-01 09:35:14+05:30,245.8,75
2025-10-01 09:35:15+05:30,245.15,75
2025-10-01 09:35:15+05:30,246.0,150
2025-10-01 09:35:16+05:30,245.95,75
2025-10-01 09:35:17+05:30,245.8,75
2025-10-01 09:35:17+05:30,246.0,75
2025-10-01 09:35:18+05:30,245.6,75
2025-10-01 09:35:18+05:30,245.3,75
2025-10-01 09:35:19+05:30,245.25,75
2025-10-01 09:35:20+05:30,244.55,150
2025-10-01 09:35:20+05:30,244.0,75
2025-10-01 09:35:21+05:30,244.05,75
2025-10-01 09:35:22+05:30,244.65,75
2025-10-01 09:35:22+05:30,244.0,75
2025-10-01 09:35:23+05:30,244.5,75
2025-10-01 09:35:23+05:30,244.25,75
2025-10-01 09:35:24+05:30,244.15,150
2025-10-01 09:35:25+05:30,244.45,75
2025-10-01 09:35:25+05:30,244.45,75
2025-10-01 09:35:26+05:30,245.0,150
2025-10-01 09:35:27+05:30,244.9,75
2025-10-01 09:35:27+05:30,244.9,75
2025-10-01 09:35:28+05:30,244.5,150
2025-10-01 09:35:28+05:30,244.6,75
2025-10-01 09:35:29+05:30,245.15,150
2025-10-01 09:35:30+05:30,245.15,150
2025-10-01 09:35:30+05:30,244.9,75
2025-10-01 09:35:30+05:30,244.9,75
2025-10-01 09:35:31+05:30,245.25,75
2025-10-01 09:35:32+05:30,244.9,150
2025-10-01 09:35:32+05:30,244.65,75
2025-10-01 09:35:33+05:30,244.95,75
2025-10-01 09:35:33+05:30,245.3,150
2025-10-01 09:35:34+05:30,245.2,75
2025-10-01 09:35:35+05:30,244.4,75
2025-10-01 09:35:35+05:30,245.0,75
2025-10-01 09:35:36+05:30,244.55,75
2025-10-01 09:35:37+05:30,244.4,150
2025-10-01 09:35:37+05:30,244.1,75
2025-10-01 09:35:38+05:30,244.6,75
2025-10-01 09:35:38+05:30,244.15,225
2025-10-01 09:35:39+05:30,244.15,75
2025-10-01 09:35:40+05:30,244.0,150
2025-10-01 09:35:40+05:30,244.0,150
2025-10-01 09:35:41+05:30,244.2,75
2025-10-01 09:35:42+05:30,243.35,75
2025-10-01 09:35:42+05:30,243.15,75
2025-10-01 09:35:43+05:30,243.25,150
2025-10-01 09:35:43+05:30,243.25,150
2025-10-01 09:35:44+05:30,243.1,75
2025-10-01 09:35:45+05:30,243.55,75
2025-10-01 09:35:45+05:30,243.55,75
2025-10-01 09:35:46+05:30,244.15,150
2025-10-01 09:35:47+05:30,243.7,75
2025-10-01 09:35:47+05:30,243.7,150
2025-10-01 09:35:48+05:30,243.8,75
2025-10-01 09:35:48+05:30,243.7,75
2025-10-01 09:35:49+05:30,243.2,150
2025-10-01 09:35:50+05:30,243.75,75
2025-10-01 09:35:50+05:30,243.75,75
2025-10-01 09:35:51+05:30,242.0,150
2025-10-01 09:35:52+05:30,242.0,75
2025-10-01 09:35:52+05:30,242.0,75
2025-10-01 09:35:53+05:30,241.1,75
2025-10-01 09:35:53+05:30,241.45,75
2025-10-01 09:35:54+05:30,241.45,75
2025-10-01 09:35:55+05:30,241.4,75
2025-10-01 09:35:55+05:30,241.4,75
2025-10-01 09:35:56+05:30,240.55,75
2025-10-01 09:35:57+05:30,240.5,75
2025-10-01 09:35:57+05:30,241.4,75
2025-10-01 09:35:58+05:30,240.05,75
2025-10-01 09:35:58+05:30,240.3,75
2025-10-01 09:35:59+05:30,240.0,150
2025-10-01 09:36:00+05:30,240.0,150
2025-10-01 09:36:00+05:30,240.0,75
2025-10-01 09:36:00+05:30,240.0,75
2025-10-01 09:36:01+05:30,240.05,75
2025-10-01 09:36:02+05:30,240.0,75
2025-10-01 09:36:02+05:30,240.75,75
2025-10-01 09:36:03+05:30,241.4,75
2025-10-01 09:36:03+05:30,241.95,75
2025-10-01 09:36:04+05:30,241.4,75
2025-10-01 09:36:05+05:30,242.25,75
2025-10-01 09:36:05+05:30,242.25,75
2025-10-01 09:36:06+05:30,242.65,225
2025-10-01 09:36:07+05:30,242.8,75
2025-10-01 09:36:07+05:30,242.35,75
2025-10-01 09:36:08+05:30,242.95,75
2025-10-01 09:36:08+05:30,242.95,75
2025-10-01 09:36:09+05:30,243.55,75
2025-10-01 09:36:10+05:30,242.6,75
2025-10-01 09:36:10+05:30,242.6,75
2025-10-01 09:36:11+05:30,244.4,75
2025-10-01 09:36:12+05:30,244.65,75
2025-10-01 09:36:12+05:30,245.0,75
2025-10-01 09:36:13+05:30,245.2,75
2025-10-01 09:36:13+05:30,245.2,75
2025-10-01 09:36:14+05:30,245.5,75
2025-10-01 09:36:15+05:30,244.9,75
2025-10-01 09:36:15+05:30,244.9,75
2025-10-01 09:36:16+05:30,244.2,75
2025-10-01 09:36:17+05:30,245.0,900
2025-10-01 09:36:17+05:30,245.0,900
2025-10-01 09:36:18+05:30,245.0,375
2025-10-01 09:36:18+05:30,245.0,375
2025-10-01 09:36:19+05:30,244.9,75
2025-10-01 09:36:20+05:30,244.6,75
2025-10-01 09:36:20+05:30,245.3,150
2025-10-01 09:36:21+05:30,245.65,75
2025-10-01 09:36:21+05:30,245.35,75
2025-10-01 09:36:22+05:30,245.35,75
2025-10-01 09:36:23+05:30,245.7,75
2025-10-01 09:36:23+05:30,244.6,75
2025-10-01 09:36:24+05:30,244.85,75
2025-10-01 09:36:25+05:30,244.65,75
2025-10-01 09:36:25+05:30,244.65,75
2025-10-01 09:36:26+05:30,245.5,75
2025-10-01 09:36:26+05:30,245.75,75
2025-10-01 09:36:27+05:30,245.0,75
2025-10-01 09:36:28+05:30,245.8,75
2025-10-01 09:36:28+05:30,245.1,150
2025-10-01 09:36:29+05:30,245.0,75
2025-10-01 09:36:30+05:30,245.0,75
2025-10-01 09:36:30+05:30,245.8,75
2025-10-01 09:36:30+05:30,244.9,75
2025-10-01 09:36:31+05:30,245.5,150
2025-10-01 09:36:31+05:30,245.5,150
2025-10-01 09:36:32+05:30,245.0,75
2025-10-01 09:36:33+05:30,245.2,75
2025-10-01 09:36:33+05:30,245.2,75
2025-10-01 09:36:34+05:30,246.2,75
2025-10-01 09:36:35+05:30,246.75,75
2025-10-01 09:36:35+05:30,246.55,75
2025-10-01 09:36:36+05:30,245.6,75
2025-10-01 09:36:36+05:30,245.5,75
2025-10-01 09:36:37+05:30,245.6,75
2025-10-01 09:36:38+05:30,246.05,75
2025-10-01 09:36:38+05:30,246.05,75
2025-10-01 09:36:39+05:30,246.25,75
2025-10-01 09:36:40+05:30,246.5,75
2025-10-01 09:36:40+05:30,246.8,75
2025-10-01 09:36:41+05:30,247.4,75
2025-10-01 09:36:41+05:30,247.6,75
2025-10-01 09:36:42+05:30,246.85,75
2025-10-01 09:36:43+05:30,247.85,75
2025-10-01 09:36:43+05:30,247.55,75
2025-10-01 09:36:44+05:30,247.7,150
2025-10-01 09:36:44+05:30,248.05,75
2025-10-01 09:36:45+05:30,247.95,75
2025-10-01 09:36:46+05:30,247.6,75
2025-10-01 09:36:46+05:30,247.3,75
2025-10-01 09:36:47+05:30,248.0,75
2025-10-01 09:36:48+05:30,247.9,75
2025-10-01 09:36:48+05:30,247.55,75
2025-10-01 09:36:49+05:30,248.35,150
2025-10-01 09:36:49+05:30,248.5,75
2025-10-01 09:36:50+05:30,247.85,75
2025-10-01 09:36:51+05:30,247.75,75
2025-10-01 09:36:52+05:30,247.6,75
2025-10-01 09:36:53+05:30,247.3,75
2025-10-01 09:36:53+05:30,247.75,75
2025-10-01 09:36:54+05:30,247.2,75
2025-10-01 09:36:54+05:30,247.55,75
2025-10-01 09:36:55+05:30,247.0,75
2025-10-01 09:36:56+05:30,246.85,75
2025-10-01 09:36:56+05:30,247.15,300
2025-10-01 09:36:57+05:30,247.75,75
2025-10-01 09:36:58+05:30,247.5,75
2025-10-01 09:36:58+05:30,247.2,75
2025-10-01 09:36:59+05:30,247.9,75
2025-10-01 09:36:59+05:30,248.15,225
2025-10-01 09:37:00+05:30,248.15,225
2025-10-01 09:37:00+05:30,247.5,75
2025-10-01 09:37:01+05:30,247.0,75
2025-10-01 09:37:01+05:30,247.0,75
2025-10-01 09:37:02+05:30,246.65,150
2025-10-01 09:37:03+05:30,246.2,75
2025-10-01 09:37:03+05:30,245.55,75
2025-10-01 09:37:04+05:30,246.5,150
2025-10-01 09:37:04+05:30,245.9,75
2025-10-01 09:37:05+05:30,246.5,75
2025-10-01 09:37:06+05:30,247.5,75
2025-10-01 09:37:06+05:30,247.5,75
2025-10-01 09:37:07+05:30,247.8,75
2025-10-01 09:37:08+05:30,248.1,150
2025-10-01 09:37:08+05:30,248.1,150
2025-10-01 09:37:09+05:30,248.0,75
2025-10-01 09:37:09+05:30,248.4,75
2025-10-01 09:37:10+05:30,248.15,75
2025-10-01 09:37:11+05:30,248.2,75
2025-10-01 09:37:11+05:30,248.05,75
2025-10-01 09:37:12+05:30,248.0,75
2025-10-01 09:37:13+05:30,247.4,300
2025-10-01 09:37:13+05:30,247.95,75
2025-10-01 09:37:14+05:30,248.55,150
2025-10-01 09:37:15+05:30,247.85,75
2025-10-01 09:37:15+05:30,248.15,75
2025-10-01 09:37:16+05:30,246.9,300
2025-10-01 09:37:16+05:30,246.9,300
2025-10-01 09:37:17+05:30,246.95,150
2025-10-01 09:37:18+05:30,247.5,75
2025-10-01 09:37:18+05:30,247.6,75
2025-10-01 09:37:19+05:30,246.9,75
2025-10-01 09:37:20+05:30,246.75,150
2025-10-01 09:37:20+05:30,247.15,75
2025-10-01 09:37:21+05:30,247.1,75
2025-10-01 09:37:21+05:30,247.1,75
2025-10-01 09:37:22+05:30,247.6,75
2025-10-01 09:37:23+05:30,247.1,75
2025-10-01 09:37:23+05:30,247.05,150
2025-10-01 09:37:24+05:30,247.45,75
2025-10-01 09:37:25+05:30,247.75,150
2025-10-01 09:37:25+05:30,247.5,225
2025-10-01 09:37:26+05:30,248.0,75
2025-10-01 09:37:26+05:30,248.3,75
2025-10-01 09:37:27+05:30,248.5,150
2025-10-01 09:37:28+05:30,248.15,75
2025-10-01 09:37:28+05:30,247.35,75
2025-10-01 09:37:29+05:30,247.65,75
2025-10-01 09:37:30+05:30,247.65,75
2025-10-01 09:37:30+05:30,248.75,75
2025-10-01 09:37:30+05:30,248.75,75
2025-10-01 09:37:31+05:30,248.35,75
2025-10-01 09:37:31+05:30,248.35,75
2025-10-01 09:37:32+05:30,248.5,75
2025-10-01 09:37:33+05:30,247.8,75
2025-10-01 09:37:33+05:30,248.2,75
2025-10-01 09:37:34+05:30,247.5,75
2025-10-01 09:37:34+05:30,247.5,300
2025-10-01 09:37:35+05:30,247.9,75
2025-10-01 09:37:36+05:30,247.65,75
2025-10-01 09:37:36+05:30,247.65,75
2025-10-01 09:37:37+05:30,247.4,75
2025-10-01 09:37:38+05:30,246.75,75
2025-10-01 09:37:38+05:30,247.15,75
2025-10-01 09:37:39+05:30,247.4,225
2025-10-01 09:37:39+05:30,247.4,225
2025-10-01 09:37:40+05:30,246.6,150
2025-10-01 09:37:41+05:30,246.45,75
2025-10-01 09:37:41+05:30,246.45,75
2025-10-01 09:37:42+05:30,246.25,75
2025-10-01 09:37:43+05:30,246.9,75
2025-10-01 09:37:43+05:30,247.0,150
2025-10-01 09:37:44+05:30,246.95,75
2025-10-01 09:37:44+05:30,246.95,75
2025-10-01 09:37:45+05:30,246.9,75
2025-10-01 09:37:46+05:30,246.9,75
2025-10-01 09:37:46+05:30,246.15,150
2025-10-01 09:37:47+05:30,246.55,75
2025-10-01 09:37:48+05:30,246.55,75
2025-10-01 09:37:48+05:30,246.5,75
2025-10-01 09:37:49+05:30,247.6,75
2025-10-01 09:37:49+05:30,247.6,75
2025-10-01 09:37:50+05:30,247.4,75
2025-10-01 09:37:51+05:30,246.85,75
2025-10-01 09:37:51+05:30,246.85,75
2025-10-01 09:37:52+05:30,246.15,225
2025-10-01 09:37:53+05:30,246.45,75
2025-10-01 09:37:53+05:30,246.95,150
2025-10-01 09:37:54+05:30,246.45,300
2025-10-01 09:37:54+05:30,246.55,75
2025-10-01 09:37:55+05:30,246.2,75
2025-10-01 09:37:56+05:30,246.4,75
2025-10-01 09:37:56+05:30,246.4,75
2025-10-01 09:37:57+05:30,246.0,75
2025-10-01 09:37:58+05:30,245.8,75
2025-10-01 09:37:58+05:30,246.2,75
2025-10-01 09:37:59+05:30,246.1,150
2025-10-01 09:37:59+05:30,246.1,150
2025-10-01 09:38:00+05:30,246.1,150
2025-10-01 09:38:00+05:30,244.6,75
2025-10-01 09:38:01+05:30,244.55,75
2025-10-01 09:38:01+05:30,245.45,75
2025-10-01 09:38:02+05:30,244.35,75
2025-10-01 09:38:03+05:30,244.45,225
2025-10-01 09:38:03+05:30,244.3,75
2025-10-01 09:38:04+05:30,243.9,75
2025-10-01 09:38:04+05:30,243.9,75
2025-10-01 09:38:05+05:30,243.65,75
2025-10-01 09:38:06+05:30,243.35,75
2025-10-01 09:38:06+05:30,243.35,75
2025-10-01 09:38:07+05:30,243.0,75
2025-10-01 09:38:07+05:30,242.8,150
2025-10-01 09:38:08+05:30,243.3,75
2025-10-01 09:38:09+05:30,244.35,75
2025-10-01 09:38:09+05:30,244.25,75
2025-10-01 09:38:10+05:30,243.85,75
2025-10-01 09:38:11+05:30,243.6,75
2025-10-01 09:38:11+05:30,243.75,150
2025-10-01 09:38:12+05:30,242.85,75
2025-10-01 09:38:12+05:30,242.85,75
2025-10-01 09:38:13+05:30,242.85,75
2025-10-01 09:38:14+05:30,242.5,75
2025-10-01 09:38:14+05:30,242.5,75
2025-10-01 09:38:15+05:30,243.1,75
2025-10-01 09:38:16+05:30,243.5,75
2025-10-01 09:38:16+05:30,243.5,75
2025-10-01 09:38:17+05:30,243.2,75
2025-10-01 09:38:17+05:30,243.2,75
2025-10-01 09:38:18+05:30,244.0,675
2025-10-01 09:38:19+05:30,244.3,75
2025-10-01 09:38:19+05:30,244.8,225
2025-10-01 09:38:20+05:30,245.0,225
2025-10-01 09:38:21+05:30,245.0,225
2025-10-01 09:38:21+05:30,244.2,75
2025-10-01 09:38:22+05:30,244.4,75
2025-10-01 09:38:23+05:30,244.4,75
2025-10-01 09:38:24+05:30,244.9,75
2025-10-01 09:38:24+05:30,244.9,75
2025-10-01 09:38:25+05:30,243.9,75
2025-10-01 09:38:26+05:30,243.35,150
2025-10-01 09:38:26+05:30,243.35,150
2025-10-01 09:38:27+05:30,241.75,75
2025-10-01 09:38:27+05:30,241.25,75
2025-10-01 09:38:28+05:30,241.05,75
2025-10-01 09:38:29+05:30,241.05,75
2025-10-01 09:38:29+05:30,241.05,75
2025-10-01 09:38:30+05:30,241.05,75
2025-10-01 09:38:30+05:30,241.75,75
2025-10-01 09:38:31+05:30,241.8,75
2025-10-01 09:38:31+05:30,241.8,75
2025-10-01 09:38:32+05:30,242.85,75
2025-10-01 09:38:32+05:30,242.7,75
2025-10-01 09:38:33+05:30,242.65,75
2025-10-01 09:38:34+05:30,243.15,150
2025-10-01 09:38:34+05:30,243.15,150
2025-10-01 09:38:35+05:30,243.7,75
2025-10-01 09:38:36+05:30,243.5,75
2025-10-01 09:38:36+05:30,243.75,150
2025-10-01 09:38:37+05:30,243.65,75
2025-10-01 09:38:37+05:30,243.65,75
2025-10-01 09:38:38+05:30,244.0,300
2025-10-01 09:38:39+05:30,244.05,75
2025-10-01 09:38:39+05:30,244.05,75
2025-10-01 09:38:40+05:30,244.0,150
2025-10-01 09:38:41+05:30,244.7,75
2025-10-01 09:38:41+05:30,244.7,75
2025-10-01 09:38:42+05:30,243.65,75
2025-10-01 09:38:42+05:30,243.0,75
2025-10-01 09:38:43+05:30,243.0,75
2025-10-01 09:38:44+05:30,244.4,75
2025-10-01 09:38:44+05:30,244.4,75
2025-10-01 09:38:45+05:30,243.3,75
2025-10-01 09:38:46+05:30,243.55,75
2025-10-01 09:38:46+05:30,243.55,75
2025-10-01 09:38:47+05:30,243.55,75
2025-10-01 09:38:48+05:30,244.45,150
2025-10-01 09:38:48+05:30,244.5,75
2025-10-01 09:38:49+05:30,244.45,75
2025-10-01 09:38:49+05:30,244.95,75
2025-10-01 09:38:50+05:30,244.5,75
2025-10-01 09:38:51+05:30,245.0,75
2025-10-01 09:38:51+05:30,245.0,75
2025-10-01 09:38:52+05:30,245.0,75
2025-10-01 09:38:53+05:30,244.4,75
2025-10-01 09:38:54+05:30,244.35,150
2025-10-01 09:38:54+05:30,244.35,150
2025-10-01 09:38:55+05:30,243.65,225
2025-10-01 09:38:56+05:30,243.75,75
2025-10-01 09:38:56+05:30,243.45,75
2025-10-01 09:38:57+05:30,243.3,150
2025-10-01 09:38:57+05:30,243.3,75
2025-10-01 09:38:58+05:30,243.0,75
2025-10-01 09:38:59+05:30,242.8,75
2025-10-01 09:38:59+05:30,243.65,75
2025-10-01 09:39:00+05:30,243.65,75
2025-10-01 09:39:00+05:30,243.35,75
2025-10-01 09:39:01+05:30,244.0,75
2025-10-01 09:39:01+05:30,244.3,75
2025-10-01 09:39:02+05:30,243.3,75
2025-10-01 09:39:02+05:30,243.3,75
2025-10-01 09:39:03+05:30,243.0,75
2025-10-01 09:39:04+05:30,243.0,75
2025-10-01 09:39:04+05:30,243.45,75
2025-10-01 09:39:05+05:30,243.25,75
2025-10-01 09:39:06+05:30,243.35,75
2025-10-01 09:39:06+05:30,244.25,225
2025-10-01 09:39:07+05:30,244.7,225
2025-10-01 09:39:07+05:30,245.0,75
2025-10-01 09:39:08+05:30,244.0,75
2025-10-01 09:39:09+05:30,243.7,75
2025-10-01 09:39:09+05:30,243.7,75
2025-10-01 09:39:10+05:30,243.7,150
2025-10-01 09:39:11+05:30,243.7,150
2025-10-01 09:39:11+05:30,244.4,75
2025-10-01 09:39:12+05:30,244.5,150
2025-10-01 09:39:12+05:30,244.5,150
2025-10-01 09:39:13+05:30,244.0,75
2025-10-01 09:39:14+05:30,244.0,75
2025-10-01 09:39:15+05:30,244.55,75
2025-10-01 09:39:15+05:30,244.95,75
2025-10-01 09:39:16+05:30,245.0,75
2025-10-01 09:39:16+05:30,245.9,75
2025-10-01 09:39:17+05:30,246.5,75
2025-10-01 09:39:17+05:30,247.0,75
2025-10-01 09:39:18+05:30,247.35,75
2025-10-01 09:39:19+05:30,247.45,75
2025-10-01 09:39:19+05:30,247.45,75
2025-10-01 09:39:20+05:30,246.35,75
2025-10-01 09:39:21+05:30,247.05,75
2025-10-01 09:39:21+05:30,247.7,75
2025-10-01 09:39:22+05:30,247.85,75
2025-10-01 09:39:22+05:30,247.85,75
2025-10-01 09:39:23+05:30,247.25,75
2025-10-01 09:39:24+05:30,247.4,75
2025-10-01 09:39:24+05:30,247.45,75
2025-10-01 09:39:25+05:30,247.55,150
2025-10-01 09:39:26+05:30,247.55,150
2025-10-01 09:39:26+05:30,247.8,225
2025-10-01 09:39:27+05:30,247.6,225
2025-10-01 09:39:27+05:30,247.6,225
2025-10-01 09:39:28+05:30,247.95,75
2025-10-01 09:39:29+05:30,248.3,75
2025-10-01 09:39:29+05:30,248.3,75
2025-10-01 09:39:30+05:30,248.3,75
2025-10-01 09:39:30+05:30,250.0,150
2025-10-01 09:39:31+05:30,250.25,75
2025-10-01 09:39:31+05:30,249.0,75
2025-10-01 09:39:32+05:30,248.9,75
2025-10-01 09:39:32+05:30,248.9,75
2025-10-01 09:39:33+05:30,250.25,75
2025-10-01 09:39:34+05:30,250.45,150
2025-10-01 09:39:34+05:30,249.95,75
2025-10-01 09:39:35+05:30,248.9,150
2025-10-01 09:39:36+05:30,249.35,75
2025-10-01 09:39:36+05:30,249.2,75
2025-10-01 09:39:37+05:30,248.75,75
2025-10-01 09:39:37+05:30,248.75,75
2025-10-01 09:39:38+05:30,248.05,75
2025-10-01 09:39:39+05:30,248.8,75
2025-10-01 09:39:39+05:30,248.85,75
2025-10-01 09:39:40+05:30,247.9,75
2025-10-01 09:39:41+05:30,249.0,75
2025-10-01 09:39:41+05:30,248.8,75
2025-10-01 09:39:42+05:30,249.5,75
2025-10-01 09:39:42+05:30,249.5,75
2025-10-01 09:39:43+05:30,249.8,75
2025-10-01 09:39:44+05:30,249.55,375
2025-10-01 09:39:44+05:30,249.6,75
2025-10-01 09:39:45+05:30,249.5,75
2025-10-01 09:39:46+05:30,249.45,75
2025-10-01 09:39:46+05:30,249.0,150
2025-10-01 09:39:47+05:30,249.0,75
2025-10-01 09:39:47+05:30,249.0,75
2025-10-01 09:39:48+05:30,249.6,75
2025-10-01 09:39:49+05:30,249.2,75
2025-10-01 09:39:49+05:30,249.35,150
2025-10-01 09:39:50+05:30,249.6,75
2025-10-01 09:39:50+05:30,249.25,75
2025-10-01 09:39:51+05:30,249.8,75
2025-10-01 09:39:52+05:30,250.0,75
2025-10-01 09:39:52+05:30,249.55,75
2025-10-01 09:39:53+05:30,249.1,75
2025-10-01 09:39:54+05:30,249.35,75
2025-10-01 09:39:54+05:30,248.9,75
2025-10-01 09:39:55+05:30,249.2,75
2025-10-01 09:39:55+05:30,249.2,75
2025-10-01 09:39:56+05:30,248.55,75
2025-10-01 09:39:57+05:30,249.05,75
2025-10-01 09:39:57+05:30,248.5,75
2025-10-01 09:39:58+05:30,248.7,150
2025-10-01 09:39:59+05:30,248.8,75
2025-10-01 09:39:59+05:30,248.6,75
2025-10-01 09:40:00+05:30,248.6,75
2025-10-01 09:40:00+05:30,248.2,75
2025-10-01 09:40:00+05:30,248.2,75
2025-10-01 09:40:01+05:30,248.45,75
2025-10-01 09:40:02+05:30,248.6,75
2025-10-01 09:40:02+05:30,248.45,75
2025-10-01 09:40:03+05:30,248.25,75
2025-10-01 09:40:04+05:30,248.55,75
2025-10-01 09:40:04+05:30,248.1,75
2025-10-01 09:40:05+05:30,247.5,75
2025-10-01 09:40:05+05:30,248.1,75
2025-10-01 09:40:06+05:30,248.2,75
2025-10-01 09:40:07+05:30,248.6,75
2025-10-01 09:40:07+05:30,248.95,75
2025-10-01 09:40:08+05:30,248.7,150
2025-10-01 09:40:09+05:30,248.5,75
2025-10-01 09:40:09+05:30,248.5,75
2025-10-01 09:40:10+05:30,248.9,75
2025-10-01 09:40:10+05:30,248.55,75
2025-10-01 09:40:11+05:30,248.5,75
2025-10-01 09:40:12+05:30,248.8,75
2025-10-01 09:40:12+05:30,248.8,75
2025-10-01 09:40:13+05:30,248.6,75
2025-10-01 09:40:14+05:30,247.95,150
2025-10-01 09:40:14+05:30,247.95,150
2025-10-01 09:40:15+05:30,247.45,225
2025-10-01 09:40:15+05:30,247.45,225
2025-10-01 09:40:16+05:30,247.0,75
2025-10-01 09:40:17+05:30,247.15,75
2025-10-01 09:40:17+05:30,247.3,75
2025-10-01 09:40:18+05:30,246.95,75
2025-10-01 09:40:19+05:30,246.95,75
2025-10-01 09:40:20+05:30,246.7,75
2025-10-01 09:40:20+05:30,246.8,75
2025-10-01 09:40:20+05:30,247.25,75
2025-10-01 09:40:21+05:30,247.5,150
2025-10-01 09:40:22+05:30,247.3,75
2025-10-01 09:40:22+05:30,245.9,75
2025-10-01 09:40:23+05:30,245.75,75
2025-10-01 09:40:24+05:30,246.35,75
2025-10-01 09:40:24+05:30,245.85,75
2025-10-01 09:40:25+05:30,246.25,75
2025-10-01 09:40:25+05:30,246.25,75
2025-10-01 09:40:26+05:30,246.05,75
2025-10-01 09:40:27+05:30,246.05,75
2025-10-01 09:40:27+05:30,245.85,75
2025-10-01 09:40:28+05:30,245.5,150
2025-10-01 09:40:28+05:30,246.1,150
2025-10-01 09:40:29+05:30,245.65,75
2025-10-01 09:40:30+05:30,245.65,75
2025-10-01 09:40:30+05:30,245.65,75
2025-10-01 09:40:30+05:30,245.65,75
2025-10-01 09:40:31+05:30,245.65,150
2025-10-01 09:40:32+05:30,245.3,225
2025-10-01 09:40:32+05:30,245.25,75
2025-10-01 09:40:33+05:30,245.0,150
2025-10-01 09:40:33+05:30,245.0,150
2025-10-01 09:40:34+05:30,245.0,75
2025-10-01 09:40:35+05:30,245.6,150
2025-10-01 09:40:35+05:30,245.6,150
2025-10-01 09:40:36+05:30,245.15,75
2025-10-01 09:40:37+05:30,244.65,150
2025-10-01 09:40:37+05:30,245.05,75
2025-10-01 09:40:38+05:30,244.5,75
2025-10-01 09:40:38+05:30,244.9,150
2025-10-01 09:40:39+05:30,244.1,75
2025-10-01 09:40:40+05:30,244.2,75
2025-10-01 09:40:40+05:30,244.45,75
2025-10-01 09:40:41+05:30,244.55,75
2025-10-01 09:40:42+05:30,244.0,75
2025-10-01 09:40:42+05:30,244.0,75
2025-10-01 09:40:43+05:30,243.6,75
2025-10-01 09:40:43+05:30,243.6,75
2025-10-01 09:40:44+05:30,243.0,225
2025-10-01 09:40:45+05:30,243.0,225
2025-10-01 09:40:45+05:30,243.0,225
2025-10-01 09:40:46+05:30,245.05,75
2025-10-01 09:40:47+05:30,245.3,150
2025-10-01 09:40:47+05:30,245.4,75
2025-10-01 09:40:48+05:30,246.55,150
2025-10-01 09:40:48+05:30,247.0,75
2025-10-01 09:40:49+05:30,247.35,75
2025-10-01 09:40:50+05:30,247.35,75
2025-10-01 09:40:51+05:30,246.9,150
2025-10-01 09:40:52+05:30,246.9,150
2025-10-01 09:40:52+05:30,246.6,75
2025-10-01 09:40:53+05:30,246.6,75
2025-10-01 09:40:54+05:30,247.4,75
2025-10-01 09:40:55+05:30,247.5,75
2025-10-01 09:40:55+05:30,247.5,75
2025-10-01 09:40:55+05:30,247.05,150
2025-10-01 09:40:56+05:30,247.9,75
2025-10-01 09:40:57+05:30,247.6,75
2025-10-01 09:40:57+05:30,247.6,75
2025-10-01 09:40:58+05:30,246.8,75
2025-10-01 09:40:58+05:30,246.8,75
2025-10-01 09:40:59+05:30,246.6,75
2025-10-01 09:41:00+05:30,246.6,75
2025-10-01 09:41:00+05:30,246.95,75
2025-10-01 09:41:00+05:30,247.25,150
2025-10-01 09:41:01+05:30,247.3,75
2025-10-01 09:41:02+05:30,247.3,75
2025-10-01 09:41:02+05:30,248.0,300
2025-10-01 09:41:03+05:30,249.55,75
2025-10-01 09:41:03+05:30,248.85,75
2025-10-01 09:41:04+05:30,249.3,75
2025-10-01 09:41:05+05:30,250.0,75
2025-10-01 09:41:05+05:30,249.95,75
2025-10-01 09:41:06+05:30,249.9,75
2025-10-01 09:41:06+05:30,249.9,75
2025-10-01 09:41:07+05:30,248.9,75
2025-10-01 09:41:08+05:30,249.35,75
2025-10-01 09:41:08+05:30,249.35,75
2025-10-01 09:41:09+05:30,249.55,75
2025-10-01 09:41:10+05:30,249.25,75
2025-10-01 09:41:10+05:30,249.05,75
2025-10-01 09:41:11+05:30,250.25,75
2025-10-01 09:41:11+05:30,250.35,75
2025-10-01 09:41:12+05:30,250.5,75
2025-10-01 09:41:13+05:30,251.85,75
2025-10-01 09:41:13+05:30,251.9,75
2025-10-01 09:41:14+05:30,252.0,75
2025-10-01 09:41:15+05:30,251.3,150
2025-10-01 09:41:15+05:30,252.1,75
2025-10-01 09:41:16+05:30,252.4,75
2025-10-01 09:41:16+05:30,252.4,75
2025-10-01 09:41:17+05:30,252.1,75
2025-10-01 09:41:18+05:30,251.35,150
2025-10-01 09:41:18+05:30,251.0,225
2025-10-01 09:41:19+05:30,251.4,75
2025-10-01 09:41:20+05:30,250.8,75
2025-10-01 09:41:20+05:30,251.35,75
2025-10-01 09:41:21+05:30,251.45,75
2025-10-01 09:41:22+05:30,251.25,75
2025-10-01 09:41:22+05:30,251.35,75
2025-10-01 09:41:23+05:30,250.55,75
2025-10-01 09:41:23+05:30,251.0,75
2025-10-01 09:41:24+05:30,250.9,75
2025-10-01 09:41:25+05:30,250.5,75
2025-10-01 09:41:25+05:30,250.05,75
2025-10-01 09:41:26+05:30,249.8,75
2025-10-01 09:41:27+05:30,249.8,75
2025-10-01 09:41:27+05:30,250.0,150
2025-10-01 09:41:28+05:30,249.3,75
2025-10-01 09:41:28+05:30,249.3,75
2025-10-01 09:41:29+05:30,250.15,75
2025-10-01 09:41:30+05:30,250.15,75
2025-10-01 09:41:30+05:30,249.65,75
2025-10-01 09:41:30+05:30,249.25,75
2025-10-01 09:41:31+05:30,250.0,75
2025-10-01 09:41:32+05:30,250.0,75
2025-10-01 09:41:32+05:30,249.1,75
2025-10-01 09:41:33+05:30,248.45,225
2025-10-01 09:41:33+05:30,248.65,75
2025-10-01 09:41:34+05:30,248.35,75
2025-10-01 09:41:35+05:30,248.5,75
2025-10-01 09:41:35+05:30,249.0,75
2025-10-01 09:41:36+05:30,248.5,75
2025-10-01 09:41:37+05:30,249.5,75
2025-10-01 09:41:37+05:30,248.9,75
2025-10-01 09:41:38+05:30,249.3,75
2025-10-01 09:41:38+05:30,248.5,150
2025-10-01 09:41:39+05:30,249.4,75
2025-10-01 09:41:40+05:30,249.5,75
2025-10-01 09:41:40+05:30,250.5,225
2025-10-01 09:41:41+05:30,250.5,75
2025-10-01 09:41:42+05:30,249.9,75
2025-10-01 09:41:42+05:30,249.8,75
2025-10-01 09:41:43+05:30,249.2,75
2025-10-01 09:41:43+05:30,249.2,75
2025-10-01 09:41:44+05:30,249.95,75
2025-10-01 09:41:45+05:30,249.0,75
2025-10-01 09:41:45+05:30,249.2,75
2025-10-01 09:41:46+05:30,249.85,75
2025-10-01 09:41:46+05:30,249.85,75
2025-10-01 09:41:47+05:30,249.0,150
2025-10-01 09:41:48+05:30,249.0,150
2025-10-01 09:41:48+05:30,249.0,150
2025-10-01 09:41:49+05:30,249.3,225
2025-10-01 09:41:50+05:30,249.0,300
2025-10-01 09:41:50+05:30,249.0,150
2025-10-01 09:41:51+05:30,248.6,75
2025-10-01 09:41:51+05:30,248.6,75
2025-10-01 09:41:52+05:30,248.9,75
2025-10-01 09:41:53+05:30,249.1,75
2025-10-01 09:41:53+05:30,249.1,75
2025-10-01 09:41:54+05:30,249.35,75
2025-10-01 09:41:55+05:30,249.35,75
2025-10-01 09:41:55+05:30,249.95,75
2025-10-01 09:41:56+05:30,249.45,75
2025-10-01 09:41:56+05:30,249.45,75
2025-10-01 09:41:57+05:30,249.75,75
2025-10-01 09:41:58+05:30,249.7,75
2025-10-01 09:41:58+05:30,249.7,75
2025-10-01 09:41:59+05:30,250.45,75
2025-10-01 09:42:00+05:30,250.45,75
2025-10-01 09:42:00+05:30,250.65,75
2025-10-01 09:42:00+05:30,250.9,75
2025-10-01 09:42:01+05:30,251.05,75
2025-10-01 09:42:01+05:30,251.05,75
2025-10-01 09:42:02+05:30,250.65,75
2025-10-01 09:42:03+05:30,250.0,75
2025-10-01 09:42:03+05:30,251.2,75
2025-10-01 09:42:05+05:30,250.65,75
2025-10-01 09:42:05+05:30,250.8,75
2025-10-01 09:42:06+05:30,251.35,75
2025-10-01 09:42:06+05:30,251.35,75
2025-10-01 09:42:07+05:30,251.3,75
2025-10-01 09:42:08+05:30,251.45,75
2025-10-01 09:42:08+05:30,250.95,75
2025-10-01 09:42:09+05:30,251.15,75
2025-10-01 09:42:10+05:30,250.8,150
2025-10-01 09:42:10+05:30,251.0,75
2025-10-01 09:42:11+05:30,251.85,75
2025-10-01 09:42:11+05:30,251.85,75
2025-10-01 09:42:12+05:30,250.9,75
2025-10-01 09:42:13+05:30,251.2,75
2025-10-01 09:42:13+05:30,251.75,75
2025-10-01 09:42:14+05:30,251.7,75
2025-10-01 09:42:15+05:30,251.4,75
2025-10-01 09:42:15+05:30,251.1,75
2025-10-01 09:42:16+05:30,251.05,75
2025-10-01 09:42:16+05:30,250.5,150
2025-10-01 09:42:17+05:30,250.5,75
2025-10-01 09:42:18+05:30,251.0,75
2025-10-01 09:42:18+05:30,251.8,75
2025-10-01 09:42:19+05:30,251.85,75
2025-10-01 09:42:20+05:30,251.65,75
2025-10-01 09:42:20+05:30,251.45,75
2025-10-01 09:42:21+05:30,251.5,75
2025-10-01 09:42:21+05:30,251.5,75
2025-10-01 09:42:22+05:30,253.55,75
2025-10-01 09:42:23+05:30,253.8,75
2025-10-01 09:42:23+05:30,253.25,75
2025-10-01 09:42:24+05:30,253.55,150
2025-10-01 09:42:25+05:30,254.05,75
2025-10-01 09:42:25+05:30,254.85,75
2025-10-01 09:42:26+05:30,254.75,75
2025-10-01 09:42:26+05:30,255.1,75
2025-10-01 09:42:27+05:30,255.45,75
2025-10-01 09:42:28+05:30,255.65,75
2025-10-01 09:42:28+05:30,255.8,75
2025-10-01 09:42:29+05:30,254.35,75
2025-10-01 09:42:30+05:30,254.35,75
2025-10-01 09:42:30+05:30,254.5,75
2025-10-01 09:42:30+05:30,255.1,75
2025-10-01 09:42:31+05:30,254.55,75
2025-10-01 09:42:31+05:30,254.55,75
2025-10-01 09:42:32+05:30,254.75,75
2025-10-01 09:42:33+05:30,254.3,75
2025-10-01 09:42:33+05:30,254.5,75
2025-10-01 09:42:34+05:30,254.65,75
2025-10-01 09:42:35+05:30,254.45,75
2025-10-01 09:42:35+05:30,254.65,75
2025-10-01 09:42:36+05:30,254.95,75
2025-10-01 09:42:36+05:30,254.25,75
2025-10-01 09:42:37+05:30,254.25,75
2025-10-01 09:42:38+05:30,254.25,150
2025-10-01 09:42:38+05:30,254.6,75
2025-10-01 09:42:39+05:30,253.9,75
2025-10-01 09:42:40+05:30,255.0,150
2025-10-01 09:42:40+05:30,255.0,75
2025-10-01 09:42:41+05:30,256.1,75
2025-10-01 09:42:41+05:30,256.0,75
2025-10-01 09:42:42+05:30,256.0,75
2025-10-01 09:42:43+05:30,255.85,150
2025-10-01 09:42:43+05:30,255.35,75
2025-10-01 09:42:44+05:30,254.65,75
2025-10-01 09:42:45+05:30,254.65,75
2025-10-01 09:42:45+05:30,254.6,75
2025-10-01 09:42:46+05:30,254.8,75
2025-10-01 09:42:46+05:30,254.8,75
2025-10-01 09:42:47+05:30,255.4,75
2025-10-01 09:42:48+05:30,255.55,75
2025-10-01 09:42:48+05:30,255.2,75
2025-10-01 09:42:49+05:30,255.0,300
2025-10-01 09:42:50+05:30,254.85,150
2025-10-01 09:42:50+05:30,254.8,75
2025-10-01 09:42:51+05:30,254.55,75
2025-10-01 09:42:51+05:30,254.55,75
2025-10-01 09:42:52+05:30,255.05,75
2025-10-01 09:42:53+05:30,255.0,75
2025-10-01 09:42:53+05:30,254.35,75
2025-10-01 09:42:54+05:30,254.05,75
2025-10-01 09:42:55+05:30,255.0,300
2025-10-01 09:42:55+05:30,254.7,75
2025-10-01 09:42:56+05:30,253.4,75
2025-10-01 09:42:56+05:30,253.4,75
2025-10-01 09:42:57+05:30,254.15,75
2025-10-01 09:42:58+05:30,254.7,75
2025-10-01 09:42:58+05:30,254.8,75
2025-10-01 09:42:59+05:30,254.15,75
2025-10-01 09:43:00+05:30,254.15,75
2025-10-01 09:43:00+05:30,254.7,75
2025-10-01 09:43:00+05:30,255.0,75
2025-10-01 09:43:01+05:30,254.85,75
2025-10-01 09:43:01+05:30,254.85,75
2025-10-01 09:43:02+05:30,254.7,75
2025-10-01 09:43:03+05:30,254.0,225
2025-10-01 09:43:03+05:30,254.0,225
2025-10-01 09:43:04+05:30,254.0,75
2025-10-01 09:43:05+05:30,253.25,75
2025-10-01 09:43:05+05:30,253.05,75
2025-10-01 09:43:06+05:30,253.05,150
2025-10-01 09:43:06+05:30,253.05,150
2025-10-01 09:43:07+05:30,253.2,75
2025-10-01 09:43:08+05:30,253.3,75
2025-10-01 09:43:08+05:30,253.4,75
2025-10-01 09:43:09+05:30,253.5,75
2025-10-01 09:43:10+05:30,253.1,150
2025-10-01 09:43:10+05:30,253.25,75
2025-10-01 09:43:11+05:30,253.0,750
2025-10-01 09:43:11+05:30,253.0,750
2025-10-01 09:43:12+05:30,253.25,75
2025-10-01 09:43:13+05:30,254.1,75
2025-10-01 09:43:13+05:30,253.5,75
2025-10-01 09:43:14+05:30,252.9,75
2025-10-01 09:43:15+05:30,253.7,75
2025-10-01 09:43:15+05:30,253.4,75
2025-10-01 09:43:16+05:30,253.65,75
2025-10-01 09:43:16+05:30,253.65,75
2025-10-01 09:43:17+05:30,254.15,75
2025-10-01 09:43:18+05:30,254.95,75
2025-10-01 09:43:18+05:30,254.95,75
2025-10-01 09:43:19+05:30,254.6,225
2025-10-01 09:43:20+05:30,255.35,75
2025-10-01 09:43:20+05:30,254.85,75
2025-10-01 09:43:21+05:30,256.05,75
2025-10-01 09:43:21+05:30,256.05,75
2025-10-01 09:43:22+05:30,258.1,75
2025-10-01 09:43:23+05:30,257.35,150
2025-10-01 09:43:23+05:30,257.6,75
2025-10-01 09:43:24+05:30,257.35,75
2025-10-01 09:43:25+05:30,256.95,150
2025-10-01 09:43:25+05:30,257.6,75
2025-10-01 09:43:26+05:30,257.85,75
2025-10-01 09:43:26+05:30,257.85,75
2025-10-01 09:43:27+05:30,258.35,150
2025-10-01 09:43:28+05:30,257.85,75
2025-10-01 09:43:28+05:30,256.8,75
2025-10-01 09:43:29+05:30,256.65,75
2025-10-01 09:43:30+05:30,256.65,75
2025-10-01 09:43:30+05:30,257.15,75
2025-10-01 09:43:30+05:30,256.2,75
2025-10-01 09:43:31+05:30,255.55,75
2025-10-01 09:43:31+05:30,255.55,75
2025-10-01 09:43:32+05:30,255.3,75
2025-10-01 09:43:33+05:30,255.2,150
2025-10-01 09:43:33+05:30,255.2,150
2025-10-01 09:43:34+05:30,256.0,225
2025-10-01 09:43:35+05:30,255.7,75
2025-10-01 09:43:35+05:30,255.55,225
2025-10-01 09:43:36+05:30,255.6,75
2025-10-01 09:43:36+05:30,255.6,75
2025-10-01 09:43:37+05:30,255.55,75
2025-10-01 09:43:38+05:30,254.85,75
2025-10-01 09:43:38+05:30,254.85,75
2025-10-01 09:43:39+05:30,255.05,75
2025-10-01 09:43:40+05:30,254.45,75
2025-10-01 09:43:40+05:30,254.3,75
2025-10-01 09:43:41+05:30,254.75,75
