timestamp,price,volume,symbol
2025-10-17 09:11:50.822478+05:30,96.5,0,
2025-10-17 09:14:58.643167+05:30,83.9,0,
2025-10-17 09:14:58.674413+05:30,75.0,0,
2025-10-17 09:14:59.261097+05:30,73.15,0,
2025-10-17 09:15:00.047801+05:30,68.6,0,
2025-10-17 09:15:00.260559+05:30,67.9,0,
2025-10-17 09:15:01.270569+05:30,66.85,0,
2025-10-17 09:15:01.650026+05:30,65.85,0,
2025-10-17 09:15:02.463028+05:30,65.5,0,
2025-10-17 09:15:03.250282+05:30,66.45,0,
2025-10-17 09:15:03.265908+05:30,66.25,0,
2025-10-17 09:15:04.272776+05:30,65.35,0,
2025-10-17 09:15:05.050725+05:30,66.5,0,
2025-10-17 09:15:05.470010+05:30,66.35,0,
2025-10-17 09:15:06.257389+05:30,64.7,0,
2025-10-17 09:15:06.658392+05:30,65.55,0,
2025-10-17 09:15:07.266061+05:30,65.85,0,
2025-10-17 09:15:08.273265+05:30,65.5,0,
2025-10-17 09:15:08.280261+05:30,65.35,0,
2025-10-17 09:15:09.690575+05:30,66.5,0,
2025-10-17 09:15:09.850529+05:30,66.3,0,
2025-10-17 09:15:10.468002+05:30,68.3,0,
2025-10-17 09:15:11.270901+05:30,68.4,0,
2025-10-17 09:15:11.471485+05:30,68.05,0,
2025-10-17 09:15:12.475315+05:30,66.7,0,
2025-10-17 09:15:13.063716+05:30,66.8,0,
2025-10-17 09:15:13.264439+05:30,67.05,0,
2025-10-17 09:15:14.477799+05:30,65.95,0,
2025-10-17 09:15:14.682957+05:30,66.45,0,
2025-10-17 09:15:15.470732+05:30,67.0,0,
2025-10-17 09:15:16.257981+05:30,66.45,0,
2025-10-17 09:15:16.474185+05:30,67.1,0,
2025-10-17 09:15:17.477725+05:30,67.75,0,
2025-10-17 09:15:17.964012+05:30,67.3,0,
2025-10-17 09:15:18.481121+05:30,68.3,0,
2025-10-17 09:15:19.484607+05:30,70.3,0,
2025-10-17 09:15:19.484607+05:30,70.3,0,
2025-10-17 09:15:20.488583+05:30,71.05,0,
2025-10-17 09:15:21.074754+05:30,70.95,0,
2025-10-17 09:15:21.275394+05:30,70.45,0,
2025-10-17 09:15:22.481786+05:30,71.95,0,
2025-10-17 09:15:22.682376+05:30,72.55,0,
2025-10-17 09:15:23.287664+05:30,73.25,0,
2025-10-17 09:15:24.475960+05:30,72.85,0,
2025-10-17 09:15:24.491562+05:30,72.8,0,
2025-10-17 09:15:25.275565+05:30,73.0,0,
2025-10-17 09:15:26.085241+05:30,74.7,0,
2025-10-17 09:15:26.271933+05:30,75.85,0,
2025-10-17 09:15:27.274954+05:30,76.9,0,
2025-10-17 09:15:27.723013+05:30,76.5,0,
2025-10-17 09:15:28.278014+05:30,77.4,0,
2025-10-17 09:15:28.679248+05:30,77.4,0,
2025-10-17 09:15:29.296692+05:30,79.15,0,
2025-10-17 09:15:29.487673+05:30,78.1,0,
2025-10-17 09:15:30.275280+05:30,78.7,0,
2025-10-17 09:15:30.993078+05:30,78.25,0,
2025-10-17 09:15:31.278452+05:30,80.75,0,
2025-10-17 09:15:32.266002+05:30,81.35,0,
2025-10-17 09:15:32.482238+05:30,81.15,0,
2025-10-17 09:15:33.269107+05:30,80.9,0,
2025-10-17 09:15:34.287808+05:30,80.15,0,
2025-10-17 09:15:34.488411+05:30,79.8,0,
2025-10-17 09:15:35.290920+05:30,77.8,0,
2025-10-17 09:15:35.908479+05:30,77.0,0,
2025-10-17 09:15:36.494743+05:30,77.35,0,
2025-10-17 09:15:37.281506+05:30,76.95,0,
2025-10-17 09:15:37.497751+05:30,76.95,0,
2025-10-17 09:15:38.284876+05:30,75.85,0,
2025-10-17 09:15:39.102919+05:30,74.55,0,
2025-10-17 09:15:39.303519+05:30,74.25,0,
2025-10-17 09:15:40.291850+05:30,73.95,0,
2025-10-17 09:15:40.909286+05:30,73.5,0,
2025-10-17 09:15:41.479898+05:30,74.0,0,
2025-10-17 09:15:42.283611+05:30,73.15,0,
2025-10-17 09:15:42.499832+05:30,72.65,0,
2025-10-17 09:15:43.487246+05:30,72.75,0,
2025-10-17 09:15:44.105097+05:30,72.75,0,
2025-10-17 09:15:44.274452+05:30,72.55,0,
2025-10-17 09:15:45.286564+05:30,72.8,0,
2025-10-17 09:15:45.715392+05:30,73.25,0,
2025-10-17 09:15:46.294885+05:30,72.8,0,
2025-10-17 09:15:47.305821+05:30,73.25,0,
2025-10-17 09:15:47.499891+05:30,73.9,0,
2025-10-17 09:15:48.291916+05:30,75.0,0,
2025-10-17 09:15:49.133340+05:30,73.45,0,
2025-10-17 09:15:49.496761+05:30,73.6,0,
2025-10-17 09:15:50.285194+05:30,73.95,0,
2025-10-17 09:15:50.717668+05:30,74.5,0,
2025-10-17 09:15:51.292238+05:30,73.35,0,
2025-10-17 09:15:52.279930+05:30,73.0,0,
2025-10-17 09:15:52.311176+05:30,72.7,0,
2025-10-17 09:15:53.282957+05:30,72.65,0,
2025-10-17 09:15:53.931968+05:30,71.85,0,
2025-10-17 09:15:54.492887+05:30,71.35,0,
2025-10-17 09:15:55.294865+05:30,71.2,0,
2025-10-17 09:15:55.526713+05:30,71.2,0,
2025-10-17 09:15:56.282865+05:30,71.45,0,
2025-10-17 09:15:57.301578+05:30,71.35,0,
2025-10-17 09:15:57.332829+05:30,71.25,0,
2025-10-17 09:15:58.489648+05:30,70.35,0,
2025-10-17 09:15:58.675129+05:30,70.35,0,
2025-10-17 09:15:58.938260+05:30,70.0,0,
2025-10-17 09:15:59.308218+05:30,69.45,0,
2025-10-17 09:16:00.296364+05:30,69.35,0,
2025-10-17 09:16:00.528235+05:30,69.75,0,
2025-10-17 09:16:01.500084+05:30,69.7,0,
2025-10-17 09:16:02.133544+05:30,68.95,0,
2025-10-17 09:16:02.302916+05:30,69.0,0,
2025-10-17 09:16:03.506630+05:30,70.45,0,
2025-10-17 09:16:03.955046+05:30,70.35,0,
2025-10-17 09:16:04.309404+05:30,69.8,0,
2025-10-17 09:16:05.305860+05:30,71.0,0,
2025-10-17 09:16:05.534646+05:30,70.45,0,
2025-10-17 09:16:06.499856+05:30,70.6,0,
2025-10-17 09:16:07.217561+05:30,70.4,0,
2025-10-17 09:16:07.505307+05:30,70.25,0,
2025-10-17 09:16:08.308125+05:30,69.9,0,
2025-10-17 09:16:08.731523+05:30,70.3,0,
2025-10-17 09:16:09.496229+05:30,70.3,0,
2025-10-17 09:16:10.299527+05:30,69.45,0,
2025-10-17 09:16:10.537887+05:30,69.3,0,
2025-10-17 09:16:11.302643+05:30,70.0,0,
2025-10-17 09:16:12.143063+05:30,69.9,0,
2025-10-17 09:16:12.507379+05:30,70.45,0,
2025-10-17 09:16:13.309777+05:30,70.3,0,
2025-10-17 09:16:13.750296+05:30,70.05,0,
2025-10-17 09:16:14.312725+05:30,69.85,0,
2025-10-17 09:16:15.309332+05:30,70.1,0,
2025-10-17 09:16:15.547744+05:30,70.3,0,
2025-10-17 09:16:16.300361+05:30,71.4,0,
2025-10-17 09:16:17.141546+05:30,73.25,0,
2025-10-17 09:16:17.505231+05:30,73.85,0,
2025-10-17 09:16:18.307961+05:30,73.95,0,
2025-10-17 09:16:18.747026+05:30,74.1,0,
2025-10-17 09:16:19.311100+05:30,73.9,0,
2025-10-17 09:16:20.553585+05:30,73.7,0,
2025-10-17 09:16:21.319007+05:30,72.85,0,
2025-10-17 09:16:22.160544+05:30,72.15,0,
2025-10-17 09:16:22.313353+05:30,71.8,0,
2025-10-17 09:16:23.310839+05:30,71.4,0,
2025-10-17 09:16:23.768779+05:30,71.4,0,
2025-10-17 09:16:24.301618+05:30,72.3,0,
2025-10-17 09:16:25.320353+05:30,71.6,0,
2025-10-17 09:16:25.551216+05:30,71.55,0,
2025-10-17 09:16:26.507700+05:30,71.2,0,
2025-10-17 09:16:27.172093+05:30,71.1,0,
2025-10-17 09:16:27.310213+05:30,70.7,0,
2025-10-17 09:16:28.360257+05:30,71.35,0,
2025-10-17 09:16:28.676806+05:30,71.35,0,
2025-10-17 09:16:28.761452+05:30,70.45,0,
2025-10-17 09:16:29.517041+05:30,70.4,0,
2025-10-17 09:16:30.319936+05:30,69.55,0,
2025-10-17 09:16:30.567915+05:30,70.35,0,
2025-10-17 09:16:31.307937+05:30,70.5,0,
2025-10-17 09:16:32.389398+05:30,71.0,0,
2025-10-17 09:16:32.511861+05:30,70.7,0,
2025-10-17 09:16:33.314337+05:30,71.0,0,
2025-10-17 09:16:33.769732+05:30,71.2,0,
2025-10-17 09:16:34.317538+05:30,71.4,0,
2025-10-17 09:16:35.320590+05:30,72.2,0,
2025-10-17 09:16:35.383119+05:30,71.65,0,
2025-10-17 09:16:36.620081+05:30,70.95,0,
2025-10-17 09:16:37.244038+05:30,71.2,0,
2025-10-17 09:16:37.322190+05:30,71.5,0,
2025-10-17 09:16:38.325284+05:30,72.95,0,
2025-10-17 09:16:38.880207+05:30,72.8,0,
2025-10-17 09:16:39.328340+05:30,72.1,0,
2025-10-17 09:16:40.400402+05:30,72.85,0,
2025-10-17 09:16:40.570269+05:30,73.1,0,
2025-10-17 09:16:41.535567+05:30,73.0,0,
2025-10-17 09:16:42.191161+05:30,74.2,0,
2025-10-17 09:16:42.322718+05:30,73.95,0,
2025-10-17 09:16:43.325761+05:30,74.2,0,
2025-10-17 09:16:43.780733+05:30,73.7,0,
2025-10-17 09:16:44.529804+05:30,75.05,0,
2025-10-17 09:16:45.316744+05:30,75.85,0,
2025-10-17 09:16:45.401411+05:30,76.1,0,
2025-10-17 09:16:46.334588+05:30,76.35,0,
2025-10-17 09:16:46.995848+05:30,76.85,0,
2025-10-17 09:16:47.327988+05:30,76.65,0,
2025-10-17 09:16:48.331475+05:30,77.7,0,
2025-10-17 09:16:48.786216+05:30,77.7,0,
2025-10-17 09:16:49.519667+05:30,77.05,0,
2025-10-17 09:16:50.337845+05:30,76.25,0,
2025-10-17 09:16:50.607983+05:30,75.4,0,
2025-10-17 09:16:51.325740+05:30,75.4,0,
2025-10-17 09:16:52.012530+05:30,76.5,0,
2025-10-17 09:16:52.329045+05:30,77.1,0,
2025-10-17 09:16:53.533109+05:30,77.9,0,
2025-10-17 09:16:53.802767+05:30,78.6,0,
2025-10-17 09:16:54.335547+05:30,77.15,0,
2025-10-17 09:16:55.338663+05:30,76.25,0,
2025-10-17 09:16:55.407707+05:30,76.3,0,
2025-10-17 09:16:56.340924+05:30,76.65,0,
2025-10-17 09:16:57.011815+05:30,76.45,0,
2025-10-17 09:16:57.328382+05:30,76.1,0,
2025-10-17 09:16:58.532394+05:30,74.45,0,
2025-10-17 09:16:58.679557+05:30,74.45,0,
2025-10-17 09:16:58.811100+05:30,73.5,0,
2025-10-17 09:16:59.340773+05:30,72.95,0,
2025-10-17 09:17:00.428784+05:30,71.2,0,
2025-10-17 09:17:00.444416+05:30,71.65,0,
2025-10-17 09:17:01.563914+05:30,72.15,0,
2025-10-17 09:17:02.011942+05:30,72.05,0,
2025-10-17 09:17:02.535630+05:30,72.6,0,
2025-10-17 09:17:03.338046+05:30,72.65,0,
2025-10-17 09:17:03.817725+05:30,73.2,0,
2025-10-17 09:17:04.341401+05:30,73.65,0,
2025-10-17 09:17:05.438218+05:30,73.45,0,
2025-10-17 09:17:05.538512+05:30,73.35,0,
2025-10-17 09:17:06.545562+05:30,73.6,0,
2025-10-17 09:17:07.015848+05:30,74.2,0,
2025-10-17 09:17:07.548588+05:30,74.45,0,
2025-10-17 09:17:08.552317+05:30,74.9,0,
2025-10-17 09:17:08.821992+05:30,75.25,0,
2025-10-17 09:17:09.339155+05:30,74.6,0,
2025-10-17 09:17:10.342176+05:30,74.9,0,
2025-10-17 09:17:10.442491+05:30,74.75,0,
2025-10-17 09:17:11.530822+05:30,73.85,0,
2025-10-17 09:17:12.032405+05:30,73.2,0,
2025-10-17 09:17:12.348891+05:30,73.7,0,
2025-10-17 09:17:13.544478+05:30,74.65,0,
2025-10-17 09:17:13.835785+05:30,74.3,0,
2025-10-17 09:17:14.537898+05:30,74.05,0,
2025-10-17 09:17:15.440684+05:30,74.0,0,
2025-10-17 09:17:16.344308+05:30,74.25,0,
2025-10-17 09:17:17.030811+05:30,73.8,0,
2025-10-17 09:17:17.347356+05:30,73.5,0,
2025-10-17 09:17:18.535644+05:30,73.85,0,
2025-10-17 09:17:18.836537+05:30,73.55,0,
2025-10-17 09:17:19.554336+05:30,73.05,0,
2025-10-17 09:17:20.457392+05:30,72.85,0,
2025-10-17 09:17:20.473017+05:30,72.75,0,
2025-10-17 09:17:21.561210+05:30,72.65,0,
2025-10-17 09:17:22.047406+05:30,73.5,0,
2025-10-17 09:17:22.533365+05:30,72.7,0,
2025-10-17 09:17:23.367035+05:30,72.3,0,
2025-10-17 09:17:23.837670+05:30,73.15,0,
2025-10-17 09:17:24.555420+05:30,73.65,0,
2025-10-17 09:17:25.458188+05:30,72.2,0,
2025-10-17 09:17:25.542856+05:30,72.05,0,
2025-10-17 09:17:26.346757+05:30,72.0,0,
2025-10-17 09:17:27.048832+05:30,71.2,0,
2025-10-17 09:17:27.349760+05:30,71.75,0,
2025-10-17 09:17:28.353293+05:30,70.75,0,
2025-10-17 09:17:28.685487+05:30,70.75,0,
2025-10-17 09:17:28.854843+05:30,70.25,0,
2025-10-17 09:17:29.541313+05:30,69.85,0,
2025-10-17 09:17:30.359907+05:30,70.15,0,
2025-10-17 09:17:30.460215+05:30,70.0,0,
2025-10-17 09:17:31.564032+05:30,70.4,0,
2025-10-17 09:17:32.049853+05:30,69.55,0,
2025-10-17 09:17:32.350784+05:30,69.5,0,
2025-10-17 09:17:33.547928+05:30,68.8,0,
2025-10-17 09:17:33.859119+05:30,69.15,0,
2025-10-17 09:17:34.360702+05:30,68.75,0,
2025-10-17 09:17:35.495436+05:30,68.15,0,
2025-10-17 09:17:35.495436+05:30,68.3,0,
2025-10-17 09:17:36.548095+05:30,68.8,0,
2025-10-17 09:17:37.065307+05:30,69.45,0,
2025-10-17 09:17:37.551194+05:30,69.7,0,
2025-10-17 09:17:38.354407+05:30,69.5,0,
2025-10-17 09:17:38.871594+05:30,69.25,0,
2025-10-17 09:17:39.573710+05:30,68.85,0,
2025-10-17 09:17:40.361834+05:30,70.1,0,
2025-10-17 09:17:40.477751+05:30,69.95,0,
2025-10-17 09:17:41.550513+05:30,70.0,0,
2025-10-17 09:17:42.083480+05:30,69.85,0,
2025-10-17 09:17:42.368842+05:30,69.25,0,
2025-10-17 09:17:43.356294+05:30,69.7,0,
2025-10-17 09:17:43.873610+05:30,70.15,0,
2025-10-17 09:17:44.375127+05:30,70.25,0,
2025-10-17 09:17:45.362593+05:30,70.85,0,
2025-10-17 09:17:45.478523+05:30,71.3,0,
2025-10-17 09:17:46.551402+05:30,72.75,0,
2025-10-17 09:17:47.068523+05:30,72.8,0,
2025-10-17 09:17:47.369473+05:30,73.0,0,
2025-10-17 09:17:48.372495+05:30,73.05,0,
2025-10-17 09:17:48.889689+05:30,73.3,0,
2025-10-17 09:17:49.560619+05:30,71.55,0,
2025-10-17 09:17:50.379877+05:30,72.55,0,
2025-10-17 09:17:50.495794+05:30,72.4,0,
2025-10-17 09:17:51.367823+05:30,73.0,0,
2025-10-17 09:17:52.087403+05:30,72.3,0,
2025-10-17 09:17:52.372658+05:30,72.4,0,
2025-10-17 09:17:53.375712+05:30,72.45,0,
2025-10-17 09:17:54.093823+05:30,72.2,0,
2025-10-17 09:17:54.363458+05:30,72.35,0,
2025-10-17 09:17:55.366622+05:30,71.9,0,
2025-10-17 09:17:55.498200+05:30,72.0,0,
2025-10-17 09:17:56.565558+05:30,71.65,0,
2025-10-17 09:17:57.104873+05:30,70.9,0,
2025-10-17 09:17:57.552989+05:30,70.45,0,
2025-10-17 09:17:58.371205+05:30,70.35,0,
2025-10-17 09:17:58.687762+05:30,70.35,0,
2025-10-17 09:17:58.709934+05:30,69.25,0,
2025-10-17 09:17:59.376827+05:30,69.25,0,
2025-10-17 09:18:00.502615+05:30,68.3,0,
2025-10-17 09:18:00.565143+05:30,68.1,0,
2025-10-17 09:18:01.368141+05:30,68.35,0,
2025-10-17 09:18:02.102003+05:30,67.65,0,
2025-10-17 09:18:02.375147+05:30,67.6,0,
2025-10-17 09:18:03.579252+05:30,68.3,0,
2025-10-17 09:18:03.715102+05:30,67.7,0,
2025-10-17 09:18:04.372004+05:30,68.0,0,
2025-10-17 09:18:05.428978+05:30,68.6,0,
2025-10-17 09:18:05.507133+05:30,68.4,0,
2025-10-17 09:18:06.564835+05:30,68.05,0,
2025-10-17 09:18:07.117105+05:30,68.4,0,
2025-10-17 09:18:07.371123+05:30,68.0,0,
2025-10-17 09:18:08.374206+05:30,68.8,0,
2025-10-17 09:18:08.706346+05:30,68.55,0,
2025-10-17 09:18:09.377214+05:30,68.8,0,
2025-10-17 09:18:10.411930+05:30,69.65,0,
2025-10-17 09:18:10.512234+05:30,69.35,0,
2025-10-17 09:18:11.384204+05:30,68.8,0,
2025-10-17 09:18:12.117827+05:30,68.8,0,
2025-10-17 09:18:12.365263+05:30,68.85,0,
2025-10-17 09:18:13.377399+05:30,68.7,0,
2025-10-17 09:18:13.730354+05:30,68.65,0,
2025-10-17 09:18:14.380828+05:30,69.5,0,
2025-10-17 09:18:15.368237+05:30,69.5,0,
2025-10-17 09:18:15.515434+05:30,69.7,0,
2025-10-17 09:18:16.380830+05:30,69.05,0,
2025-10-17 09:18:17.123186+05:30,69.65,0,
2025-10-17 09:18:17.572589+05:30,69.9,0,
2025-10-17 09:18:18.376491+05:30,69.45,0,
2025-10-17 09:18:18.730816+05:30,69.8,0,
2025-10-17 09:18:19.411385+05:30,69.95,0,
2025-10-17 09:18:20.380346+05:30,70.2,0,
2025-10-17 09:18:20.527544+05:30,70.3,0,
2025-10-17 09:18:21.371755+05:30,69.8,0,
2025-10-17 09:18:22.121257+05:30,69.75,0,
2025-10-17 09:18:22.375294+05:30,70.05,0,
2025-10-17 09:18:23.378395+05:30,70.2,0,
2025-10-17 09:18:23.728999+05:30,70.75,0,
2025-10-17 09:18:24.381788+05:30,70.35,0,
2025-10-17 09:18:25.384755+05:30,70.7,0,
2025-10-17 09:18:25.531955+05:30,70.6,0,
2025-10-17 09:18:26.605405+05:30,71.75,0,
2025-10-17 09:18:27.138154+05:30,71.4,0,
2025-10-17 09:18:27.376605+05:30,71.3,0,
2025-10-17 09:18:28.380000+05:30,71.2,0,
2025-10-17 09:18:28.680982+05:30,71.2,0,
2025-10-17 09:18:28.743509+05:30,71.05,0,
2025-10-17 09:18:29.583740+05:30,71.3,0,
2025-10-17 09:18:30.386827+05:30,69.9,0,
2025-10-17 09:18:30.534022+05:30,70.4,0,
2025-10-17 09:18:31.390355+05:30,71.35,0,
2025-10-17 09:18:32.139362+05:30,71.05,0,
2025-10-17 09:18:32.571827+05:30,71.3,0,
2025-10-17 09:18:33.392876+05:30,72.5,0,
2025-10-17 09:18:33.740981+05:30,73.05,0,
2025-10-17 09:18:34.384686+05:30,72.65,0,
2025-10-17 09:18:35.387701+05:30,73.35,0,
2025-10-17 09:18:35.541426+05:30,73.3,0,
2025-10-17 09:18:36.391054+05:30,73.7,0,
2025-10-17 09:18:37.158811+05:30,73.0,0,
2025-10-17 09:18:37.576365+05:30,73.2,0,
2025-10-17 09:18:38.400840+05:30,74.6,0,
2025-10-17 09:18:38.755600+05:30,75.05,0,
2025-10-17 09:18:39.388394+05:30,75.45,0,
2025-10-17 09:18:40.560645+05:30,73.6,0,
2025-10-17 09:18:40.591908+05:30,73.6,0,
2025-10-17 09:18:41.394844+05:30,73.85,0,
2025-10-17 09:18:42.229296+05:30,73.35,0,
2025-10-17 09:18:42.398667+05:30,73.55,0,
2025-10-17 09:18:43.386065+05:30,73.25,0,
2025-10-17 09:18:43.756981+05:30,73.05,0,
2025-10-17 09:18:44.590707+05:30,73.35,0,
2025-10-17 09:18:45.393199+05:30,74.3,0,
2025-10-17 09:18:45.562520+05:30,74.0,0,
2025-10-17 09:18:46.396595+05:30,74.3,0,
2025-10-17 09:18:47.183387+05:30,74.55,0,
2025-10-17 09:18:47.399643+05:30,74.7,0,
2025-10-17 09:18:48.402903+05:30,74.55,0,
2025-10-17 09:18:48.766295+05:30,74.15,0,
2025-10-17 09:18:49.590861+05:30,73.25,0,
2025-10-17 09:18:50.571715+05:30,73.7,0,
2025-10-17 09:18:50.571715+05:30,73.25,0,
2025-10-17 09:18:51.396794+05:30,73.75,0,
2025-10-17 09:18:52.199478+05:30,73.4,0,
2025-10-17 09:18:52.400071+05:30,73.4,0,
2025-10-17 09:18:53.434354+05:30,73.1,0,
2025-10-17 09:18:53.771491+05:30,73.2,0,
2025-10-17 09:18:54.406096+05:30,73.65,0,
2025-10-17 09:18:55.572873+05:30,74.35,0,
2025-10-17 09:18:55.588480+05:30,74.35,0,
2025-10-17 09:18:56.407301+05:30,73.95,0,
2025-10-17 09:18:57.194687+05:30,74.8,0,
2025-10-17 09:18:57.410915+05:30,74.3,0,
2025-10-17 09:18:58.599309+05:30,73.2,0,
2025-10-17 09:18:58.799911+05:30,73.2,0,
2025-10-17 09:18:58.815532+05:30,73.55,0,
2025-10-17 09:18:59.617967+05:30,71.8,0,
2025-10-17 09:19:00.405705+05:30,72.2,0,
2025-10-17 09:19:00.590681+05:30,72.4,0,
2025-10-17 09:19:01.594220+05:30,72.75,0,
2025-10-17 09:19:02.196451+05:30,73.6,0,
2025-10-17 09:19:02.597656+05:30,74.0,0,
2025-10-17 09:19:03.416157+05:30,73.25,0,
2025-10-17 09:19:03.786520+05:30,73.2,0,
2025-10-17 09:19:04.403949+05:30,72.95,0,
2025-10-17 09:19:05.591981+05:30,73.5,0,
2025-10-17 09:19:05.607608+05:30,73.5,0,
2025-10-17 09:19:06.597323+05:30,73.75,0,
2025-10-17 09:19:07.199137+05:30,73.65,0,
2025-10-17 09:19:07.415357+05:30,73.5,0,
2025-10-17 09:19:08.419327+05:30,73.3,0,
2025-10-17 09:19:08.804905+05:30,73.1,0,
2025-10-17 09:19:09.607402+05:30,71.95,0,
2025-10-17 09:19:10.610664+05:30,71.7,0,
2025-10-17 09:19:10.626266+05:30,71.9,0,
2025-10-17 09:19:11.413118+05:30,71.9,0,
2025-10-17 09:19:12.216465+05:30,72.35,0,
2025-10-17 09:19:12.597390+05:30,72.25,0,
2025-10-17 09:19:13.616223+05:30,72.2,0,
2025-10-17 09:19:13.801913+05:30,71.75,0,
2025-10-17 09:19:14.620020+05:30,71.0,0,
2025-10-17 09:19:15.422475+05:30,71.6,0,
2025-10-17 09:19:15.607495+05:30,71.35,0,
2025-10-17 09:19:16.611858+05:30,71.7,0,
2025-10-17 09:19:17.430434+05:30,71.8,0,
2025-10-17 09:19:17.446038+05:30,71.5,0,
2025-10-17 09:19:18.618781+05:30,71.65,0,
2025-10-17 09:19:18.803727+05:30,70.95,0,
2025-10-17 09:19:19.421219+05:30,70.6,0,
2025-10-17 09:19:20.424615+05:30,71.0,0,
2025-10-17 09:19:20.640861+05:30,71.1,0,
2025-10-17 09:19:21.427621+05:30,71.2,0,
2025-10-17 09:19:22.230921+05:30,70.95,0,
2025-10-17 09:19:22.415850+05:30,71.55,0,
2025-10-17 09:19:23.418921+05:30,72.9,0,
2025-10-17 09:19:23.820542+05:30,72.35,0,
2025-10-17 09:19:24.623054+05:30,71.95,0,
2025-10-17 09:19:25.425958+05:30,72.55,0,
2025-10-17 09:19:25.441595+05:30,72.5,0,
2025-10-17 09:19:26.623307+05:30,73.7,0,
2025-10-17 09:19:27.242179+05:30,73.65,0,
2025-10-17 09:19:27.628734+05:30,73.3,0,
2025-10-17 09:19:28.431091+05:30,73.35,0,
2025-10-17 09:19:28.685144+05:30,73.35,0,
2025-10-17 09:19:28.832300+05:30,73.15,0,
2025-10-17 09:19:29.434142+05:30,73.9,0,
2025-10-17 09:19:30.437116+05:30,73.75,0,
2025-10-17 09:19:30.437116+05:30,73.75,0,
2025-10-17 09:19:31.700588+05:30,74.2,0,
2025-10-17 09:19:32.243419+05:30,73.45,0,
2025-10-17 09:19:32.428433+05:30,73.3,0,
2025-10-17 09:19:33.616980+05:30,73.25,0,
2025-10-17 09:19:33.833450+05:30,73.25,0,
2025-10-17 09:19:34.435289+05:30,73.4,0,
2025-10-17 09:19:36.093915+05:30,73.35,0,
2025-10-17 09:19:36.109521+05:30,73.35,0,
2025-10-17 09:19:36.426094+05:30,73.35,0,
2025-10-17 09:19:37.245638+05:30,73.45,0,
2025-10-17 09:19:37.636954+05:30,73.8,0,
2025-10-17 09:19:38.649776+05:30,72.5,0,
2025-10-17 09:19:38.834752+05:30,72.2,0,
2025-10-17 09:19:39.641877+05:30,72.95,0,
2025-10-17 09:19:40.424924+05:30,72.8,0,
2025-10-17 09:19:40.456162+05:30,72.8,0,
2025-10-17 09:19:41.633177+05:30,72.95,0,
2025-10-17 09:19:42.246776+05:30,73.7,0,
2025-10-17 09:19:42.647982+05:30,73.95,0,
2025-10-17 09:19:43.434823+05:30,73.95,0,
2025-10-17 09:19:43.852067+05:30,73.25,0,
2025-10-17 09:19:44.438262+05:30,73.25,0,
2025-10-17 09:19:45.456954+05:30,72.7,0,
2025-10-17 09:19:45.626264+05:30,72.5,0,
2025-10-17 09:19:46.645318+05:30,73.15,0,
2025-10-17 09:19:47.248621+05:30,72.75,0,
2025-10-17 09:19:47.442712+05:30,73.05,0,
2025-10-17 09:19:48.650110+05:30,73.1,0,
2025-10-17 09:19:48.855699+05:30,73.05,0,
2025-10-17 09:19:49.431768+05:30,72.3,0,
2025-10-17 09:19:50.434749+05:30,73.35,0,
2025-10-17 09:19:50.673153+05:30,73.3,0,
2025-10-17 09:19:51.437794+05:30,73.3,0,
2025-10-17 09:19:52.256248+05:30,73.4,0,
2025-10-17 09:19:52.641800+05:30,73.25,0,
2025-10-17 09:19:53.669537+05:30,72.65,0,
2025-10-17 09:19:53.860962+05:30,72.3,0,
2025-10-17 09:19:54.632673+05:30,72.1,0,
2025-10-17 09:19:55.435086+05:30,72.75,0,
2025-10-17 09:19:55.906181+05:30,72.75,0,
2025-10-17 09:19:56.655203+05:30,72.6,0,
2025-10-17 09:19:57.275170+05:30,72.15,0,
2025-10-17 09:19:57.861759+05:30,72.4,0,
2025-10-17 09:19:58.664280+05:30,71.7,0,
2025-10-17 09:19:58.679885+05:30,71.7,0,
2025-10-17 09:19:58.864866+05:30,71.45,0,
2025-10-17 09:19:59.638466+05:30,70.3,0,
2025-10-17 09:20:00.440708+05:30,70.0,0,
2025-10-17 09:20:00.705220+05:30,70.25,0,
2025-10-17 09:20:01.846654+05:30,69.7,0,
2025-10-17 09:20:02.278942+05:30,69.55,0,
2025-10-17 09:20:02.652740+05:30,69.6,0,
2025-10-17 09:20:03.670565+05:30,69.9,0,
2025-10-17 09:20:03.873282+05:30,70.65,0,
2025-10-17 09:20:04.660224+05:30,70.45,0,
2025-10-17 09:20:05.494045+05:30,70.45,0,
2025-10-17 09:20:05.652942+05:30,70.1,0,
2025-10-17 09:20:06.450438+05:30,69.95,0,
2025-10-17 09:20:07.086039+05:30,69.7,0,
2025-10-17 09:20:07.674833+05:30,68.75,0,
2025-10-17 09:20:08.677051+05:30,68.1,0,
2025-10-17 09:20:08.878151+05:30,68.3,0,
2025-10-17 09:20:09.442196+05:30,68.25,0,
2025-10-17 09:20:10.445597+05:30,68.1,0,
2025-10-17 09:20:10.499005+05:30,67.9,0,
2025-10-17 09:20:11.448662+05:30,68.0,0,
2025-10-17 09:20:12.089071+05:30,67.7,0,
2025-10-17 09:20:12.653999+05:30,67.05,0,
2025-10-17 09:20:13.456434+05:30,67.35,0,
2025-10-17 09:20:13.888992+05:30,67.35,0,
2025-10-17 09:20:14.660157+05:30,67.25,0,
2025-10-17 09:20:15.721405+05:30,67.35,0,
2025-10-17 09:20:16.459412+05:30,66.9,0,
2025-10-17 09:20:17.103940+05:30,67.05,0,
2025-10-17 09:20:17.451770+05:30,67.15,0,
2025-10-17 09:20:18.454709+05:30,66.85,0,
2025-10-17 09:20:18.893711+05:30,66.9,0,
2025-10-17 09:20:19.457747+05:30,66.8,0,
2025-10-17 09:20:20.530124+05:30,66.65,0,
2025-10-17 09:20:20.530124+05:30,66.6,0,
2025-10-17 09:20:21.448485+05:30,66.3,0,
2025-10-17 09:20:22.104602+05:30,66.65,0,
2025-10-17 09:20:22.668682+05:30,67.35,0,
2025-10-17 09:20:23.455469+05:30,67.4,0,
2025-10-17 09:20:23.910499+05:30,67.45,0,
2025-10-17 09:20:24.675159+05:30,66.95,0,
2025-10-17 09:20:25.462024+05:30,67.0,0,
2025-10-17 09:20:25.515431+05:30,67.3,0,
2025-10-17 09:20:26.449727+05:30,67.2,0,
2025-10-17 09:20:27.115600+05:30,67.35,0,
2025-10-17 09:20:27.660137+05:30,67.4,0,
2025-10-17 09:20:28.658242+05:30,66.85,0,
2025-10-17 09:20:28.689489+05:30,66.85,0,
2025-10-17 09:20:28.921317+05:30,66.45,0,
2025-10-17 09:20:29.460661+05:30,66.8,0,
2025-10-17 09:20:30.526627+05:30,67.5,0,
2025-10-17 09:20:30.542233+05:30,67.4,0,
2025-10-17 09:20:31.457557+05:30,66.75,0,
2025-10-17 09:20:32.107080+05:30,66.65,0,
2025-10-17 09:20:32.677636+05:30,66.9,0,
2025-10-17 09:20:33.464437+05:30,66.9,0,
2025-10-17 09:20:34.129116+05:30,66.8,0,
2025-10-17 09:20:34.646243+05:30,66.9,0,
2025-10-17 09:20:35.533332+05:30,66.95,0,
2025-10-17 09:20:35.533332+05:30,67.2,0,
2025-10-17 09:20:36.674447+05:30,66.85,0,
2025-10-17 09:20:37.123540+05:30,66.6,0,
2025-10-17 09:20:37.471327+05:30,66.15,0,
2025-10-17 09:20:38.897986+05:30,66.45,0,
2025-10-17 09:20:38.929267+05:30,66.0,0,
2025-10-17 09:20:39.462107+05:30,65.95,0,
2025-10-17 09:20:40.534396+05:30,66.4,0,
2025-10-17 09:20:40.665953+05:30,66.5,0,
2025-10-17 09:20:41.900767+05:30,66.4,0,
2025-10-17 09:20:42.126528+05:30,66.65,0,
2025-10-17 09:20:42.891157+05:30,66.75,0,
2025-10-17 09:20:43.461744+05:30,66.5,0,
2025-10-17 09:20:43.948030+05:30,66.3,0,
2025-10-17 09:20:44.465116+05:30,66.1,0,
2025-10-17 09:20:45.468092+05:30,67.15,0,
2025-10-17 09:20:45.537139+05:30,67.7,0,
2025-10-17 09:20:46.887939+05:30,68.25,0,
2025-10-17 09:20:47.135411+05:30,68.0,0,
2025-10-17 09:20:47.464011+05:30,67.95,0,
2025-10-17 09:20:48.466938+05:30,68.5,0,
2025-10-17 09:20:49.153439+05:30,68.75,0,
2025-10-17 09:20:49.698503+05:30,68.35,0,
2025-10-17 09:20:50.473387+05:30,68.25,0,
2025-10-17 09:20:50.535884+05:30,68.3,0,
2025-10-17 09:20:51.677571+05:30,68.55,0,
2025-10-17 09:20:52.141105+05:30,68.4,0,
2025-10-17 09:20:52.696626+05:30,68.65,0,
2025-10-17 09:20:53.467797+05:30,68.5,0,
2025-10-17 09:20:53.947815+05:30,68.35,0,
2025-10-17 09:20:54.471471+05:30,68.0,0,
2025-10-17 09:20:55.474542+05:30,68.6,0,
2025-10-17 09:20:55.552695+05:30,68.7,0,
2025-10-17 09:20:56.477546+05:30,69.2,0,
2025-10-17 09:20:57.188387+05:30,69.85,0,
2025-10-17 09:20:57.676683+05:30,69.1,0,
2025-10-17 09:20:58.692978+05:30,69.2,0,
2025-10-17 09:20:58.692978+05:30,69.2,0,
2025-10-17 09:20:59.395114+05:30,69.45,0,
2025-10-17 09:20:59.698618+05:30,69.45,0,
2025-10-17 09:21:00.545315+05:30,68.7,0,
2025-10-17 09:21:00.676857+05:30,68.15,0,
2025-10-17 09:21:01.479270+05:30,68.2,0,
2025-10-17 09:21:02.166624+05:30,67.75,0,
2025-10-17 09:21:02.483638+05:30,68.3,0,
2025-10-17 09:21:03.685040+05:30,70.1,0,
2025-10-17 09:21:03.973987+05:30,69.75,0,
2025-10-17 09:21:04.475517+05:30,69.85,0,
2025-10-17 09:21:05.563225+05:30,69.35,0,
2025-10-17 09:21:05.690446+05:30,69.5,0,
2025-10-17 09:21:06.699101+05:30,69.95,0,
2025-10-17 09:21:07.216250+05:30,70.8,0,
2025-10-17 09:21:07.717209+05:30,70.6,0,
2025-10-17 09:21:08.691130+05:30,70.35,0,
2025-10-17 09:21:08.775816+05:30,70.2,0,
2025-10-17 09:21:09.477934+05:30,70.2,0,
2025-10-17 09:21:10.481146+05:30,69.8,0,
2025-10-17 09:21:10.565816+05:30,69.9,0,
2025-10-17 09:21:11.704930+05:30,70.15,0,
2025-10-17 09:21:12.187202+05:30,70.2,0,
2025-10-17 09:21:12.478888+05:30,70.3,0,
2025-10-17 09:21:13.492416+05:30,70.85,0,
2025-10-17 09:21:14.001498+05:30,71.2,0,
2025-10-17 09:21:14.480851+05:30,70.85,0,
2025-10-17 09:21:15.568301+05:30,70.75,0,
2025-10-17 09:21:15.692990+05:30,70.3,0,
2025-10-17 09:21:16.486809+05:30,70.35,0,
2025-10-17 09:21:17.407151+05:30,69.6,0,
2025-10-17 09:21:17.491836+05:30,69.3,0,
2025-10-17 09:21:18.494875+05:30,69.95,0,
2025-10-17 09:21:18.795762+05:30,70.0,0,
2025-10-17 09:21:19.482276+05:30,71.0,0,
2025-10-17 09:21:20.586413+05:30,71.3,0,
2025-10-17 09:21:20.686723+05:30,71.4,0,
2025-10-17 09:21:21.708992+05:30,72.6,0,
2025-10-17 09:21:22.191705+05:30,71.6,0,
2025-10-17 09:21:22.493131+05:30,71.6,0,
2025-10-17 09:21:23.480547+05:30,71.15,0,
2025-10-17 09:21:23.797241+05:30,71.15,0,
2025-10-17 09:21:24.483874+05:30,71.25,0,
2025-10-17 09:21:25.486818+05:30,71.55,0,
2025-10-17 09:21:25.587069+05:30,72.2,0,
2025-10-17 09:21:26.499588+05:30,72.2,0,
2025-10-17 09:21:27.202269+05:30,73.5,0,
2025-10-17 09:21:27.717769+05:30,73.9,0,
2025-10-17 09:21:28.671190+05:30,73.9,0,
2025-10-17 09:21:28.693307+05:30,72.05,0,
2025-10-17 09:21:29.009944+05:30,72.5,0,
2025-10-17 09:21:29.496325+05:30,72.35,0,
2025-10-17 09:21:30.499548+05:30,72.8,0,
2025-10-17 09:21:30.599858+05:30,72.85,0,
2025-10-17 09:21:31.496114+05:30,72.5,0,
2025-10-17 09:21:32.212112+05:30,72.5,0,
2025-10-17 09:21:32.491367+05:30,72.35,0,
2025-10-17 09:21:33.722120+05:30,72.15,0,
2025-10-17 09:21:34.017992+05:30,72.5,0,
2025-10-17 09:21:34.497338+05:30,72.4,0,
2025-10-17 09:21:35.516057+05:30,72.75,0,
2025-10-17 09:21:35.522571+05:30,72.8,0,
2025-10-17 09:21:36.492718+05:30,72.5,0,
2025-10-17 09:21:37.210472+05:30,72.5,0,
2025-10-17 09:21:37.496741+05:30,72.0,0,
2025-10-17 09:21:38.500563+05:30,72.25,0,
2025-10-17 09:21:38.817089+05:30,71.9,0,
2025-10-17 09:21:39.503596+05:30,71.65,0,
2025-10-17 09:21:40.422305+05:30,71.3,0,
2025-10-17 09:21:40.707628+05:30,71.2,0,
2025-10-17 09:21:41.494407+05:30,72.85,0,
2025-10-17 09:21:42.212049+05:30,73.25,0,
2025-10-17 09:21:42.497848+05:30,72.7,0,
2025-10-17 09:21:43.500983+05:30,73.35,0,
2025-10-17 09:21:44.033913+05:30,72.95,0,
2025-10-17 09:21:44.504241+05:30,72.5,0,
2025-10-17 09:21:45.507293+05:30,72.7,0,
2025-10-17 09:21:45.522894+05:30,73.0,0,
2025-10-17 09:21:46.726944+05:30,73.5,0,
2025-10-17 09:21:47.027834+05:30,72.95,0,
2025-10-17 09:21:47.723217+05:30,72.5,0,
2025-10-17 09:21:48.703546+05:30,71.55,0,
2025-10-17 09:21:48.835133+05:30,71.85,0,
2025-10-17 09:21:49.505996+05:30,72.25,0,
2025-10-17 09:21:50.440368+05:30,71.8,0,
2025-10-17 09:21:50.509391+05:30,71.9,0,
2025-10-17 09:21:51.512456+05:30,71.2,0,
2025-10-17 09:21:52.029920+05:30,71.0,0,
2025-10-17 09:21:52.509284+05:30,71.25,0,
2025-10-17 09:21:53.503197+05:30,72.05,0,
2025-10-17 09:21:53.842259+05:30,71.85,0,
2025-10-17 09:21:54.506626+05:30,72.05,0,
2025-10-17 09:21:55.447170+05:30,72.55,0,
2025-10-17 09:21:55.509668+05:30,72.65,0,
2025-10-17 09:21:56.513741+05:30,72.95,0,
2025-10-17 09:21:57.037488+05:30,72.95,0,
2025-10-17 09:21:57.919708+05:30,72.95,0,
2025-10-17 09:21:58.505945+05:30,72.95,0,
2025-10-17 09:21:58.637512+05:30,72.7,0,
2025-10-17 09:21:58.690950+05:30,72.7,0,
2025-10-17 09:21:59.509005+05:30,72.2,0,
2025-10-17 09:22:00.527845+05:30,72.35,0,
2025-10-17 09:22:00.527845+05:30,72.3,0,
2025-10-17 09:22:01.515745+05:30,73.6,0,
2025-10-17 09:22:02.070707+05:30,72.75,0,
2025-10-17 09:22:02.518916+05:30,73.25,0,
2025-10-17 09:22:03.506943+05:30,73.05,0,
2025-10-17 09:22:03.652915+05:30,73.25,0,
2025-10-17 09:22:04.510051+05:30,73.55,0,
2025-10-17 09:22:05.528840+05:30,73.3,0,
2025-10-17 09:22:05.544447+05:30,73.05,0,
2025-10-17 09:22:06.563334+05:30,73.3,0,
2025-10-17 09:22:06.964565+05:30,73.2,0,
2025-10-17 09:22:07.789501+05:30,73.55,0,
2025-10-17 09:22:08.596931+05:30,74.1,0,
2025-10-17 09:22:08.650346+05:30,74.0,0,
2025-10-17 09:22:09.515789+05:30,73.55,0,
2025-10-17 09:22:10.261196+05:30,73.5,0,
2025-10-17 09:22:10.508681+05:30,73.35,0,
2025-10-17 09:22:11.511707+05:30,73.5,0,
2025-10-17 09:22:12.066947+05:30,73.75,0,
2025-10-17 09:22:12.515449+05:30,73.65,0,
2025-10-17 09:22:13.512913+05:30,74.3,0,
2025-10-17 09:22:13.670158+05:30,74.9,0,
2025-10-17 09:22:14.516369+05:30,74.45,0,
2025-10-17 09:22:15.265379+05:30,74.15,0,
2025-10-17 09:22:15.519404+05:30,73.75,0,
2025-10-17 09:22:16.523314+05:30,74.05,0,
2025-10-17 09:22:17.071753+05:30,73.75,0,
2025-10-17 09:22:17.526344+05:30,73.75,0,
2025-10-17 09:22:18.510125+05:30,74.25,0,
2025-10-17 09:22:18.679485+05:30,74.1,0,
2025-10-17 09:22:19.528791+05:30,74.35,0,
2025-10-17 09:22:20.269045+05:30,74.3,0,
2025-10-17 09:22:20.516505+05:30,74.3,0,
2025-10-17 09:22:21.731119+05:30,74.15,0,
2025-10-17 09:22:22.090540+05:30,74.1,0,
2025-10-17 09:22:22.523018+05:30,74.35,0,
2025-10-17 09:22:23.510963+05:30,74.0,0,
2025-10-17 09:22:23.712159+05:30,74.0,0,
2025-10-17 09:22:24.529992+05:30,73.95,0,
2025-10-17 09:22:25.269975+05:30,74.25,0,
2025-10-17 09:22:25.533105+05:30,74.4,0,
2025-10-17 09:22:26.521707+05:30,74.1,0,
2025-10-17 09:22:26.891721+05:30,74.1,0,
2025-10-17 09:22:27.524775+05:30,73.65,0,
2025-10-17 09:22:28.499040+05:30,74.05,0,
2025-10-17 09:22:28.530322+05:30,74.15,0,
2025-10-17 09:22:28.677503+05:30,74.15,0,
2025-10-17 09:22:29.533301+05:30,73.5,0,
2025-10-17 09:22:30.282570+05:30,73.35,0,
2025-10-17 09:22:30.520989+05:30,73.25,0,
2025-10-17 09:22:31.524038+05:30,72.55,0,
2025-10-17 09:22:31.903449+05:30,72.8,0,
2025-10-17 09:22:32.533422+05:30,72.45,0,
2025-10-17 09:22:33.499217+05:30,72.7,0,
2025-10-17 09:22:33.537007+05:30,72.6,0,
2025-10-17 09:22:34.524294+05:30,72.25,0,
2025-10-17 09:22:35.289017+05:30,72.0,0,
2025-10-17 09:22:35.527419+05:30,71.7,0,
2025-10-17 09:22:36.530734+05:30,71.2,0,
2025-10-17 09:22:36.909924+05:30,71.15,0,
2025-10-17 09:22:37.533884+05:30,71.3,0,
2025-10-17 09:22:38.501651+05:30,71.6,0,
2025-10-17 09:22:38.532919+05:30,71.65,0,
2025-10-17 09:22:39.536055+05:30,71.8,0,
2025-10-17 09:22:40.338499+05:30,71.45,0,
2025-10-17 09:22:40.539104+05:30,71.3,0,
2025-10-17 09:22:41.739468+05:30,71.55,0,
2025-10-17 09:22:41.912357+05:30,71.35,0,
2025-10-17 09:22:42.529814+05:30,71.75,0,
2025-10-17 09:22:43.517687+05:30,72.3,0,
2025-10-17 09:22:43.533331+05:30,72.3,0,
2025-10-17 09:22:44.521208+05:30,72.15,0,
2025-10-17 09:22:45.308151+05:30,71.25,0,
2025-10-17 09:22:45.524381+05:30,71.4,0,
2025-10-17 09:22:46.528077+05:30,71.35,0,
2025-10-17 09:22:46.929317+05:30,71.25,0,
2025-10-17 09:22:47.531186+05:30,70.75,0,
2025-10-17 09:22:48.520442+05:30,70.5,0,
2025-10-17 09:22:48.736672+05:30,70.5,0,
2025-10-17 09:22:49.539311+05:30,71.2,0,
2025-10-17 09:22:50.326117+05:30,71.25,0,
2025-10-17 09:22:50.526756+05:30,71.75,0,
2025-10-17 09:22:51.529762+05:30,71.45,0,
2025-10-17 09:22:51.931425+05:30,71.3,0,
2025-10-17 09:22:52.533268+05:30,71.75,0,
2025-10-17 09:22:53.536837+05:30,72.3,0,
2025-10-17 09:22:53.552438+05:30,72.3,0,
2025-10-17 09:22:54.740678+05:30,70.75,0,
2025-10-17 09:22:55.326857+05:30,71.5,0,
2025-10-17 09:22:55.527477+05:30,71.3,0,
2025-10-17 09:22:56.530930+05:30,71.25,0,
2025-10-17 09:22:57.148388+05:30,71.2,0,
2025-10-17 09:22:57.533926+05:30,70.95,0,
2025-10-17 09:22:58.532924+05:30,70.55,0,
2025-10-17 09:22:58.548526+05:30,70.55,0,
2025-10-17 09:22:58.689127+05:30,70.55,0,
2025-10-17 09:22:59.538440+05:30,70.7,0,
2025-10-17 09:23:00.140564+05:30,70.3,0,
2025-10-17 09:23:00.541767+05:30,70.15,0,
2025-10-17 09:23:01.545390+05:30,69.35,0,
2025-10-17 09:23:01.946840+05:30,69.35,0,
2025-10-17 09:23:02.533026+05:30,68.55,0,
2025-10-17 09:23:03.552204+05:30,68.65,0,
2025-10-17 09:23:03.552204+05:30,68.45,0,
2025-10-17 09:23:04.539611+05:30,68.5,0,
2025-10-17 09:23:05.257357+05:30,68.4,0,
2025-10-17 09:23:05.542627+05:30,68.05,0,
2025-10-17 09:23:06.545960+05:30,68.0,0,
2025-10-17 09:23:06.746492+05:30,68.45,0,
2025-10-17 09:23:07.536715+05:30,68.2,0,
2025-10-17 09:23:08.357303+05:30,68.3,0,
2025-10-17 09:23:08.542296+05:30,68.0,0,
2025-10-17 09:23:09.545467+05:30,68.05,0,
2025-10-17 09:23:10.163649+05:30,68.15,0,
2025-10-17 09:23:10.533609+05:30,67.75,0,
2025-10-17 09:23:11.536760+05:30,67.45,0,
2025-10-17 09:23:11.766339+05:30,67.25,0,
2025-10-17 09:23:12.551082+05:30,67.4,0,
2025-10-17 09:23:13.354011+05:30,67.65,0,
2025-10-17 09:23:13.555092+05:30,67.6,0,
2025-10-17 09:23:14.542861+05:30,67.25,0,
2025-10-17 09:23:15.160492+05:30,67.25,0,
2025-10-17 09:23:15.546114+05:30,67.15,0,
2025-10-17 09:23:16.549359+05:30,67.2,0,
2025-10-17 09:23:16.765637+05:30,67.1,0,
2025-10-17 09:23:17.536801+05:30,67.05,0,
2025-10-17 09:23:18.356629+05:30,66.95,0,
2025-10-17 09:23:18.541617+05:30,66.95,0,
2025-10-17 09:23:19.545139+05:30,67.15,0,
2025-10-17 09:23:20.378793+05:30,67.6,0,
2025-10-17 09:23:20.548167+05:30,67.55,0,
2025-10-17 09:23:21.752548+05:30,68.2,0,
2025-10-17 09:23:21.783798+05:30,68.2,0,
2025-10-17 09:23:22.555107+05:30,68.1,0,
2025-10-17 09:23:23.373625+05:30,68.1,0,
2025-10-17 09:23:23.542970+05:30,67.7,0,
2025-10-17 09:23:24.547823+05:30,68.25,0,
2025-10-17 09:23:24.980340+05:30,68.3,0,
2025-10-17 09:23:25.550888+05:30,67.95,0,
2025-10-17 09:23:26.554222+05:30,67.2,0,
2025-10-17 09:23:26.770503+05:30,67.45,0,
2025-10-17 09:23:27.550762+05:30,67.25,0,
2025-10-17 09:23:28.383665+05:30,67.2,0,
2025-10-17 09:23:28.546486+05:30,67.0,0,
2025-10-17 09:23:28.878667+05:30,67.0,0,
2025-10-17 09:23:29.554532+05:30,66.3,0,
2025-10-17 09:23:29.993518+05:30,66.55,0,
2025-10-17 09:23:30.758180+05:30,66.95,0,
2025-10-17 09:23:31.545066+05:30,67.45,0,
2025-10-17 09:23:31.785743+05:30,67.2,0,
2025-10-17 09:23:32.549237+05:30,66.8,0,
2025-10-17 09:23:33.399015+05:30,67.0,0,
2025-10-17 09:23:33.554240+05:30,66.95,0,
2025-10-17 09:23:34.557284+05:30,67.05,0,
2025-10-17 09:23:35.413201+05:30,67.0,0,
2025-10-17 09:23:35.560418+05:30,66.6,0,
2025-10-17 09:23:36.548175+05:30,66.4,0,
2025-10-17 09:23:36.795637+05:30,66.3,0,
2025-10-17 09:23:37.551235+05:30,66.1,0,
2025-10-17 09:23:38.396115+05:30,66.15,0,
2025-10-17 09:23:38.565417+05:30,65.9,0,
2025-10-17 09:23:39.552842+05:30,65.65,0,
2025-10-17 09:23:40.017639+05:30,65.5,0,
2025-10-17 09:23:40.556724+05:30,65.4,0,
2025-10-17 09:23:41.559335+05:30,65.7,0,
2025-10-17 09:23:41.806737+05:30,65.65,0,
2025-10-17 09:23:42.562255+05:30,66.0,0,
2025-10-17 09:23:43.565768+05:30,66.3,0,
2025-10-17 09:23:43.565768+05:30,66.3,0,
2025-10-17 09:23:44.558407+05:30,66.2,0,
2025-10-17 09:23:45.233851+05:30,66.25,0,
2025-10-17 09:23:45.556352+05:30,66.65,0,
2025-10-17 09:23:46.764337+05:30,67.15,0,
2025-10-17 09:23:46.808601+05:30,67.4,0,
2025-10-17 09:23:47.567291+05:30,67.3,0,
2025-10-17 09:23:48.558398+05:30,66.75,0,
2025-10-17 09:23:48.574024+05:30,66.8,0,
2025-10-17 09:23:49.568081+05:30,66.9,0,
2025-10-17 09:23:50.239342+05:30,66.95,0,
2025-10-17 09:23:50.555739+05:30,67.1,0,
2025-10-17 09:23:51.560819+05:30,67.2,0,
2025-10-17 09:23:51.814653+05:30,67.05,0,
2025-10-17 09:23:52.564863+05:30,67.25,0,
2025-10-17 09:23:53.435928+05:30,67.15,0,
2025-10-17 09:23:53.567935+05:30,67.0,0,
2025-10-17 09:23:54.563509+05:30,66.7,0,
2025-10-17 09:23:55.034040+05:30,67.3,0,
2025-10-17 09:23:55.567077+05:30,66.7,0,
2025-10-17 09:23:56.571215+05:30,66.65,0,
2025-10-17 09:23:56.633713+05:30,66.75,0,
2025-10-17 09:23:57.573802+05:30,66.2,0,
2025-10-17 09:23:58.446528+05:30,66.5,0,
2025-10-17 09:23:58.562419+05:30,66.5,0,
2025-10-17 09:23:58.870192+05:30,66.5,0,
2025-10-17 09:23:59.572001+05:30,65.4,0,
2025-10-17 09:24:00.036434+05:30,65.75,0,
2025-10-17 09:24:00.575491+05:30,65.45,0,
2025-10-17 09:24:01.578087+05:30,66.1,0,
2025-10-17 09:24:01.642038+05:30,66.4,0,
2025-10-17 09:24:02.565465+05:30,65.95,0,
2025-10-17 09:24:03.229509+05:30,65.65,0,
2025-10-17 09:24:03.568030+05:30,65.7,0,
2025-10-17 09:24:04.571443+05:30,66.0,0,
2025-10-17 09:24:05.050647+05:30,66.2,0,
2025-10-17 09:24:05.574629+05:30,66.2,0,
2025-10-17 09:24:06.577892+05:30,65.95,0,
2025-10-17 09:24:06.640400+05:30,66.05,0,
2025-10-17 09:24:07.580474+05:30,65.55,0,
2025-10-17 09:24:08.245302+05:30,66.1,0,
2025-10-17 09:24:08.577325+05:30,66.1,0,
2025-10-17 09:24:09.574289+05:30,65.5,0,
2025-10-17 09:24:09.844124+05:30,65.8,0,
2025-10-17 09:24:10.577179+05:30,65.8,0,
2025-10-17 09:24:11.479497+05:30,65.95,0,
2025-10-17 09:24:11.579757+05:30,66.15,0,
2025-10-17 09:24:12.783513+05:30,65.4,0,
2025-10-17 09:24:13.262664+05:30,65.65,0,
2025-10-17 09:24:13.585568+05:30,65.5,0,
2025-10-17 09:24:14.851910+05:30,65.55,0,
2025-10-17 09:24:15.584975+05:30,65.4,0,
2025-10-17 09:24:16.471993+05:30,65.5,0,
2025-10-17 09:24:16.572247+05:30,65.5,0,
2025-10-17 09:24:17.574809+05:30,66.5,0,
2025-10-17 09:24:18.314697+05:30,66.0,0,
2025-10-17 09:24:18.646722+05:30,66.05,0,
2025-10-17 09:24:19.681638+05:30,65.75,0,
2025-10-17 09:24:19.874237+05:30,65.85,0,
2025-10-17 09:24:20.576039+05:30,65.7,0,
2025-10-17 09:24:21.578602+05:30,66.2,0,
2025-10-17 09:24:21.578602+05:30,66.1,0,
2025-10-17 09:24:22.597388+05:30,66.05,0,
2025-10-17 09:24:23.083051+05:30,65.95,0,
2025-10-17 09:24:23.584337+05:30,66.3,0,
2025-10-17 09:24:24.587361+05:30,66.15,0,
2025-10-17 09:24:24.872515+05:30,65.75,0,
2025-10-17 09:24:25.621204+05:30,66.0,0,
2025-10-17 09:24:26.609953+05:30,65.7,0,
2025-10-17 09:24:26.609953+05:30,65.9,0,
2025-10-17 09:24:27.581313+05:30,66.5,0,
2025-10-17 09:24:28.098943+05:30,66.1,0,
2025-10-17 09:24:28.584620+05:30,66.0,0,
2025-10-17 09:24:28.684877+05:30,66.0,0,
2025-10-17 09:24:29.594196+05:30,65.7,0,
2025-10-17 09:24:29.880131+05:30,65.75,0,
2025-10-17 09:24:30.581976+05:30,65.5,0,
2025-10-17 09:24:31.499914+05:30,65.75,0,
2025-10-17 09:24:31.584546+05:30,65.6,0,
2025-10-17 09:24:32.803895+05:30,67.2,0,
2025-10-17 09:24:33.104680+05:30,67.3,0,
2025-10-17 09:24:33.590335+05:30,67.3,0,
2025-10-17 09:24:34.594275+05:30,67.35,0,
2025-10-17 09:24:34.895047+05:30,67.45,0,
2025-10-17 09:24:35.596825+05:30,67.45,0,
2025-10-17 09:24:36.499406+05:30,67.1,0,
2025-10-17 09:24:36.584040+05:30,67.1,0,
2025-10-17 09:24:37.787967+05:30,68.05,0,
2025-10-17 09:24:38.104362+05:30,68.05,0,
2025-10-17 09:24:38.606156+05:30,68.15,0,
2025-10-17 09:24:39.597182+05:30,68.05,0,
2025-10-17 09:24:39.909927+05:30,68.1,0,
2025-10-17 09:24:40.798406+05:30,68.6,0,
2025-10-17 09:24:41.524201+05:30,68.75,0,
2025-10-17 09:24:41.598702+05:30,68.55,0,
2025-10-17 09:24:42.600435+05:30,68.55,0,
2025-10-17 09:24:43.147679+05:30,68.55,0,
2025-10-17 09:24:43.684320+05:30,68.8,0,
2025-10-17 09:24:44.615820+05:30,68.35,0,
2025-10-17 09:24:44.729958+05:30,68.55,0,
2025-10-17 09:24:45.610546+05:30,69.2,0,
2025-10-17 09:24:46.529139+05:30,69.8,0,
2025-10-17 09:24:46.613774+05:30,69.4,0,
2025-10-17 09:24:47.818085+05:30,69.35,0,
2025-10-17 09:24:48.134504+05:30,69.6,0,
2025-10-17 09:24:48.598073+05:30,69.8,0,
2025-10-17 09:24:49.593098+05:30,69.6,0,
2025-10-17 09:24:49.729050+05:30,69.35,0,
2025-10-17 09:24:50.590734+05:30,70.05,0,
2025-10-17 09:24:51.524828+05:30,69.6,0,
2025-10-17 09:24:51.593840+05:30,69.6,0,
2025-10-17 09:24:52.597231+05:30,70.0,0,
2025-10-17 09:24:53.314677+05:30,69.8,0,
2025-10-17 09:24:53.599819+05:30,69.7,0,
2025-10-17 09:24:54.602626+05:30,70.8,0,
2025-10-17 09:24:54.718530+05:30,70.45,0,
2025-10-17 09:24:56.022752+05:30,70.4,0,
2025-10-17 09:24:56.524216+05:30,70.55,0,
2025-10-17 09:24:56.608924+05:30,70.15,0,
2025-10-17 09:24:57.596368+05:30,70.5,0,
2025-10-17 09:24:58.129115+05:30,70.35,0,
2025-10-17 09:24:58.599321+05:30,69.95,0,
2025-10-17 09:24:58.699626+05:30,69.95,0,
2025-10-17 09:24:59.601870+05:30,68.4,0,
2025-10-17 09:24:59.727240+05:30,68.55,0,
2025-10-17 09:25:00.605750+05:30,68.6,0,
2025-10-17 09:25:01.524564+05:30,68.05,0,
2025-10-17 09:25:01.627623+05:30,68.1,0,
2025-10-17 09:25:02.613617+05:30,68.5,0,
2025-10-17 09:25:03.331264+05:30,67.95,0,
2025-10-17 09:25:03.609927+05:30,68.0,0,
2025-10-17 09:25:04.612400+05:30,67.55,0,
2025-10-17 09:25:04.738364+05:30,67.8,0,
2025-10-17 09:25:05.625916+05:30,68.2,0,
2025-10-17 09:25:06.544355+05:30,68.6,0,
2025-10-17 09:25:06.606871+05:30,68.8,0,
2025-10-17 09:25:07.818969+05:30,68.5,0,
2025-10-17 09:25:08.133932+05:30,68.6,0,
2025-10-17 09:25:08.613778+05:30,68.4,0,
2025-10-17 09:25:09.606113+05:30,68.6,0,
2025-10-17 09:25:09.739234+05:30,68.5,0,
2025-10-17 09:25:10.609190+05:30,68.0,0,
2025-10-17 09:25:11.543035+05:30,68.15,0,
2025-10-17 09:25:11.612028+05:30,68.2,0,
2025-10-17 09:25:13.149140+05:30,67.75,0,
2025-10-17 09:25:13.619913+05:30,67.75,0,
2025-10-17 09:25:14.607934+05:30,68.1,0,
2025-10-17 09:25:14.739514+05:30,67.95,0,
2025-10-17 09:25:15.611454+05:30,67.8,0,
2025-10-17 09:25:16.545514+05:30,68.7,0,
2025-10-17 09:25:16.614577+05:30,68.45,0,
2025-10-17 09:25:17.618587+05:30,68.35,0,
2025-10-17 09:25:18.151848+05:30,68.7,0,
2025-10-17 09:25:18.622130+05:30,69.0,0,
2025-10-17 09:25:19.614492+05:30,68.7,0,
2025-10-17 09:25:19.746666+05:30,68.55,0,
2025-10-17 09:25:20.618069+05:30,68.15,0,
2025-10-17 09:25:21.553081+05:30,68.25,0,
2025-10-17 09:25:21.622110+05:30,68.35,0,
2025-10-17 09:25:22.619221+05:30,68.15,0,
2025-10-17 09:25:23.160633+05:30,68.5,0,
2025-10-17 09:25:23.627037+05:30,68.75,0,
2025-10-17 09:25:24.612945+05:30,68.6,0,
2025-10-17 09:25:24.751547+05:30,68.75,0,
2025-10-17 09:25:25.616957+05:30,68.65,0,
2025-10-17 09:25:26.557819+05:30,70.1,0,
2025-10-17 09:25:26.635942+05:30,70.6,0,
2025-10-17 09:25:27.828840+05:30,70.75,0,
2025-10-17 09:25:28.368146+05:30,70.8,0,
2025-10-17 09:25:28.615657+05:30,70.9,0,
2025-10-17 09:25:28.669096+05:30,70.9,0,
2025-10-17 09:25:29.618683+05:30,71.15,0,
2025-10-17 09:25:29.769738+05:30,70.95,0,
2025-10-17 09:25:30.613979+05:30,70.75,0,
2025-10-17 09:25:31.563500+05:30,70.45,0,
2025-10-17 09:25:31.616926+05:30,70.4,0,
2025-10-17 09:25:32.667281+05:30,70.55,0,
2025-10-17 09:25:33.369406+05:30,72.1,0,
2025-10-17 09:25:33.627198+05:30,73.0,0,
2025-10-17 09:25:34.626443+05:30,72.0,0,
2025-10-17 09:25:34.774128+05:30,72.2,0,
2025-10-17 09:25:35.633417+05:30,72.75,0,
2025-10-17 09:25:36.564180+05:30,72.95,0,
2025-10-17 09:25:36.617637+05:30,72.9,0,
2025-10-17 09:25:37.620551+05:30,73.35,0,
2025-10-17 09:25:38.300490+05:30,73.45,0,
2025-10-17 09:25:38.625061+05:30,73.6,0,
2025-10-17 09:25:39.633723+05:30,73.85,0,
2025-10-17 09:25:39.781756+05:30,73.8,0,
2025-10-17 09:25:40.627537+05:30,73.25,0,
2025-10-17 09:25:41.575970+05:30,73.8,0,
2025-10-17 09:25:41.636238+05:30,73.6,0,
2025-10-17 09:25:42.626267+05:30,73.35,0,
2025-10-17 09:25:43.197330+05:30,72.95,0,
2025-10-17 09:25:43.638363+05:30,72.75,0,
2025-10-17 09:25:44.632776+05:30,72.9,0,
2025-10-17 09:25:44.786950+05:30,73.0,0,
2025-10-17 09:25:45.636115+05:30,73.15,0,
2025-10-17 09:25:46.577143+05:30,73.8,0,
2025-10-17 09:25:46.639622+05:30,73.6,0,
2025-10-17 09:25:47.635711+05:30,73.9,0,
2025-10-17 09:25:48.198008+05:30,74.25,0,
2025-10-17 09:25:48.630437+05:30,74.5,0,
2025-10-17 09:25:49.641367+05:30,74.65,0,
2025-10-17 09:25:49.790334+05:30,74.9,0,
2025-10-17 09:25:50.640082+05:30,74.7,0,
2025-10-17 09:25:51.596184+05:30,74.8,0,
2025-10-17 09:25:51.633277+05:30,74.85,0,
2025-10-17 09:25:52.831308+05:30,75.0,0,
2025-10-17 09:25:53.201214+05:30,75.2,0,
2025-10-17 09:25:53.642963+05:30,74.85,0,
2025-10-17 09:25:54.636717+05:30,74.95,0,
2025-10-17 09:25:54.806534+05:30,74.95,0,
2025-10-17 09:25:55.643080+05:30,75.6,0,
2025-10-17 09:25:56.590611+05:30,75.45,0,
2025-10-17 09:25:56.644483+05:30,75.65,0,
2025-10-17 09:25:57.643293+05:30,75.95,0,
2025-10-17 09:25:58.212513+05:30,76.5,0,
2025-10-17 09:25:58.640380+05:30,76.35,0,
2025-10-17 09:25:58.687252+05:30,76.35,0,
2025-10-17 09:25:59.816748+05:30,77.1,0,
2025-10-17 09:25:59.832373+05:30,77.05,0,
2025-10-17 09:26:00.633578+05:30,76.3,0,
2025-10-17 09:26:01.605826+05:30,76.6,0,
2025-10-17 09:26:01.647090+05:30,76.65,0,
2025-10-17 09:26:02.640192+05:30,76.6,0,
2025-10-17 09:26:03.226357+05:30,77.05,0,
2025-10-17 09:26:03.651769+05:30,76.65,0,
2025-10-17 09:26:04.647027+05:30,77.75,0,
2025-10-17 09:26:04.816403+05:30,77.65,0,
2025-10-17 09:26:05.653064+05:30,77.25,0,
2025-10-17 09:26:06.607164+05:30,77.1,0,
2025-10-17 09:26:06.654038+05:30,77.1,0,
2025-10-17 09:26:07.653250+05:30,77.25,0,
2025-10-17 09:26:08.227636+05:30,77.5,0,
2025-10-17 09:26:08.713534+05:30,77.5,0,
2025-10-17 09:26:09.817589+05:30,78.5,0,
2025-10-17 09:26:09.848862+05:30,78.8,0,
2025-10-17 09:26:10.651234+05:30,78.25,0,
2025-10-17 09:26:11.623010+05:30,79.5,0,
2025-10-17 09:26:11.729143+05:30,79.2,0,
2025-10-17 09:26:12.657596+05:30,79.3,0,
2025-10-17 09:26:13.228117+05:30,79.25,0,
2025-10-17 09:26:13.670799+05:30,79.6,0,
2025-10-17 09:26:14.679240+05:30,80.8,0,
2025-10-17 09:26:14.832955+05:30,80.55,0,
2025-10-17 09:26:15.852985+05:30,80.1,0,
2025-10-17 09:26:16.633652+05:30,80.55,0,
2025-10-17 09:26:16.671923+05:30,80.4,0,
2025-10-17 09:26:17.661202+05:30,80.35,0,
2025-10-17 09:26:18.223969+05:30,80.2,0,
2025-10-17 09:26:18.662950+05:30,79.85,0,
2025-10-17 09:26:19.829005+05:30,80.95,0,
2025-10-17 09:26:19.851140+05:30,80.65,0,
2025-10-17 09:26:20.654001+05:30,80.5,0,
2025-10-17 09:26:21.627934+05:30,81.8,0,
2025-10-17 09:26:21.674248+05:30,81.85,0,
2025-10-17 09:26:22.850030+05:30,81.2,0,
2025-10-17 09:26:23.235611+05:30,81.3,0,
2025-10-17 09:26:23.671180+05:30,80.75,0,
2025-10-17 09:26:24.671101+05:30,81.85,0,
2025-10-17 09:26:25.157492+05:30,82.05,0,
2025-10-17 09:26:25.670694+05:30,81.7,0,
2025-10-17 09:26:26.631517+05:30,81.7,0,
2025-10-17 09:26:26.863384+05:30,81.8,0,
2025-10-17 09:26:27.682705+05:30,82.1,0,
2025-10-17 09:26:28.267583+05:30,82.45,0,
2025-10-17 09:26:28.684429+05:30,82.45,0,
2025-10-17 09:26:28.869411+05:30,82.2,0,
2025-10-17 09:26:29.679599+05:30,82.3,0,
2025-10-17 09:26:29.842019+05:30,82.25,0,
2025-10-17 09:26:31.062780+05:30,82.35,0,
2025-10-17 09:26:31.464490+05:30,82.55,0,
2025-10-17 09:26:31.681155+05:30,82.6,0,
2025-10-17 09:26:32.668026+05:30,81.05,0,
2025-10-17 09:26:33.254216+05:30,81.8,0,
2025-10-17 09:26:33.872012+05:30,81.0,0,
2025-10-17 09:26:34.843735+05:30,81.55,0,
2025-10-17 09:26:34.875014+05:30,81.55,0,
2025-10-17 09:26:35.681604+05:30,82.0,0,
2025-10-17 09:26:36.698061+05:30,81.45,0,
2025-10-17 09:26:36.698061+05:30,81.5,0,
2025-10-17 09:26:37.871166+05:30,82.15,0,
2025-10-17 09:26:38.256646+05:30,81.6,0,
2025-10-17 09:26:38.673512+05:30,81.15,0,
2025-10-17 09:26:39.686616+05:30,81.45,0,
2025-10-17 09:26:39.862104+05:30,81.6,0,
2025-10-17 09:26:41.114094+05:30,81.75,0,
2025-10-17 09:26:41.577732+05:30,82.15,0,
2025-10-17 09:26:41.866507+05:30,82.45,0,
2025-10-17 09:26:42.869479+05:30,83.1,0,
2025-10-17 09:26:43.271160+05:30,83.1,0,
2025-10-17 09:26:43.680592+05:30,82.55,0,
2025-10-17 09:26:44.860316+05:30,84.05,0,
2025-10-17 09:26:44.875924+05:30,84.45,0,
2025-10-17 09:26:45.687535+05:30,85.4,0,
2025-10-17 09:26:46.481114+05:30,86.45,0,
2025-10-17 09:26:46.681648+05:30,85.45,0,
2025-10-17 09:26:47.685077+05:30,84.95,0,
2025-10-17 09:26:48.070333+05:30,84.8,0,
2025-10-17 09:26:48.672148+05:30,84.65,0,
2025-10-17 09:26:49.688065+05:30,86.25,0,
2025-10-17 09:26:49.876024+05:30,86.35,0,
2025-10-17 09:26:50.878979+05:30,86.1,0,
2025-10-17 09:26:51.565483+05:30,85.9,0,
2025-10-17 09:26:51.691523+05:30,85.9,0,
2025-10-17 09:26:52.869455+05:30,85.8,0,
2025-10-17 09:26:53.085681+05:30,85.8,0,
2025-10-17 09:26:53.691295+05:30,86.4,0,
2025-10-17 09:26:54.723072+05:30,86.35,0,
2025-10-17 09:26:54.908049+05:30,86.55,0,
2025-10-17 09:26:55.726398+05:30,87.4,0,
2025-10-17 09:26:56.551658+05:30,88.95,0,
2025-10-17 09:26:56.883827+05:30,89.15,0,
2025-10-17 09:26:57.695064+05:30,88.45,0,
2025-10-17 09:26:58.087687+05:30,88.9,0,
2025-10-17 09:26:58.705131+05:30,88.9,0,
2025-10-17 09:26:58.705131+05:30,88.9,0,
2025-10-17 09:26:59.877518+05:30,87.6,0,
2025-10-17 09:26:59.893144+05:30,87.7,0,
2025-10-17 09:27:00.884949+05:30,87.95,0,
2025-10-17 09:27:01.502402+05:30,87.55,0,
2025-10-17 09:27:01.700510+05:30,87.6,0,
2025-10-17 09:27:02.884828+05:30,86.75,0,
2025-10-17 09:27:03.109580+05:30,87.4,0,
2025-10-17 09:27:03.699002+05:30,86.75,0,
2025-10-17 09:27:04.893798+05:30,87.0,0,
2025-10-17 09:27:04.900313+05:30,86.85,0,
2025-10-17 09:27:05.700739+05:30,87.2,0,
2025-10-17 09:27:06.713268+05:30,87.8,0,
2025-10-17 09:27:06.713268+05:30,87.75,0,
2025-10-17 09:27:07.879418+05:30,88.4,0,
2025-10-17 09:27:08.095606+05:30,88.3,0,
2025-10-17 09:27:08.697374+05:30,87.95,0,
2025-10-17 09:27:09.722566+05:30,88.75,0,
2025-10-17 09:27:09.738499+05:30,88.7,0,
2025-10-17 09:27:10.903819+05:30,88.75,0,
2025-10-17 09:27:11.521169+05:30,88.75,0,
2025-10-17 09:27:11.701958+05:30,88.2,0,
2025-10-17 09:27:12.894721+05:30,87.75,0,
2025-10-17 09:27:13.110970+05:30,87.6,0,
2025-10-17 09:27:13.703484+05:30,87.95,0,
2025-10-17 09:27:14.700596+05:30,87.85,0,
2025-10-17 09:27:14.816481+05:30,87.9,0,
2025-10-17 09:27:15.704947+05:30,87.25,0,
2025-10-17 09:27:16.738875+05:30,87.45,0,
2025-10-17 09:27:16.738875+05:30,87.5,0,
2025-10-17 09:27:17.706967+05:30,88.1,0,
2025-10-17 09:27:18.112660+05:30,88.6,0,
2025-10-17 09:27:18.698796+05:30,88.95,0,
2025-10-17 09:27:19.733557+05:30,88.85,0,
2025-10-17 09:27:19.749181+05:30,88.95,0,
2025-10-17 09:27:20.706337+05:30,88.6,0,
2025-10-17 09:27:21.525333+05:30,88.7,0,
2025-10-17 09:27:21.710006+05:30,89.25,0,
2025-10-17 09:27:22.891733+05:30,89.9,0,
2025-10-17 09:27:23.120520+05:30,90.7,0,
2025-10-17 09:27:23.901113+05:30,91.95,0,
2025-10-17 09:27:24.731158+05:30,92.45,0,
2025-10-17 09:27:24.893979+05:30,92.65,0,
2025-10-17 09:27:25.713399+05:30,91.6,0,
2025-10-17 09:27:26.539635+05:30,91.65,0,
2025-10-17 09:27:26.903068+05:30,92.0,0,
2025-10-17 09:27:27.712894+05:30,91.85,0,
2025-10-17 09:27:28.128773+05:30,93.0,0,
2025-10-17 09:27:28.708414+05:30,93.0,0,
2025-10-17 09:27:28.708414+05:30,93.6,0,
2025-10-17 09:27:29.734400+05:30,94.15,0,
2025-10-17 09:27:29.734400+05:30,94.4,0,
2025-10-17 09:27:31.024120+05:30,93.55,0,
2025-10-17 09:27:31.579496+05:30,94.05,0,
2025-10-17 09:27:31.719395+05:30,93.4,0,
2025-10-17 09:27:32.714115+05:30,94.05,0,
2025-10-17 09:27:33.130961+05:30,93.7,0,
2025-10-17 09:27:33.887486+05:30,94.8,0,
2025-10-17 09:27:34.705534+05:30,95.5,0,
2025-10-17 09:27:34.736782+05:30,95.25,0,
2025-10-17 09:27:35.909996+05:30,95.7,0,
2025-10-17 09:27:36.543064+05:30,95.35,0,
2025-10-17 09:27:36.712412+05:30,95.5,0,
2025-10-17 09:27:37.738966+05:30,95.3,0,
2025-10-17 09:27:38.148146+05:30,95.8,0,
2025-10-17 09:27:38.702995+05:30,95.35,0,
2025-10-17 09:27:39.737332+05:30,94.65,0,
2025-10-17 09:27:39.775134+05:30,94.7,0,
2025-10-17 09:27:40.910226+05:30,94.2,0,
2025-10-17 09:27:41.558918+05:30,93.0,0,
2025-10-17 09:27:41.717385+05:30,93.4,0,
2025-10-17 09:27:42.716501+05:30,94.05,0,
2025-10-17 09:27:43.148928+05:30,93.4,0,
2025-10-17 09:27:43.951824+05:30,92.4,0,
2025-10-17 09:27:44.707291+05:30,92.85,0,
2025-10-17 09:27:44.754194+05:30,92.95,0,
2025-10-17 09:27:45.721964+05:30,91.8,0,
2025-10-17 09:27:46.560144+05:30,92.25,0,
2025-10-17 09:27:46.914443+05:30,92.15,0,
2025-10-17 09:27:48.134021+05:30,92.4,0,
2025-10-17 09:27:48.165271+05:30,92.6,0,
2025-10-17 09:27:48.698027+05:30,93.9,0,
2025-10-17 09:27:49.723135+05:30,93.7,0,
2025-10-17 09:27:49.760468+05:30,93.55,0,
2025-10-17 09:27:50.744814+05:30,93.7,0,
2025-10-17 09:27:51.562831+05:30,93.95,0,
2025-10-17 09:27:51.721763+05:30,94.0,0,
2025-10-17 09:27:53.130762+05:30,95.2,0,
2025-10-17 09:27:53.184154+05:30,94.65,0,
2025-10-17 09:27:53.725860+05:30,95.0,0,
2025-10-17 09:27:54.720195+05:30,94.65,0,
2025-10-17 09:27:54.757976+05:30,94.85,0,
2025-10-17 09:27:55.941997+05:30,94.75,0,
2025-10-17 09:27:56.581636+05:30,94.5,0,
2025-10-17 09:27:56.913751+05:30,93.8,0,
2025-10-17 09:27:57.738214+05:30,93.35,0,
2025-10-17 09:27:58.187282+05:30,93.85,0,
2025-10-17 09:27:58.688815+05:30,93.85,0,
2025-10-17 09:27:58.735687+05:30,94.7,0,
2025-10-17 09:27:59.729763+05:30,93.55,0,
2025-10-17 09:27:59.777493+05:30,93.75,0,
2025-10-17 09:28:00.729590+05:30,94.25,0,
2025-10-17 09:28:01.578851+05:30,94.65,0,
2025-10-17 09:28:01.729734+05:30,94.6,0,
2025-10-17 09:28:02.720331+05:30,94.4,0,
2025-10-17 09:28:03.422400+05:30,94.55,0,
2025-10-17 09:28:03.737853+05:30,94.8,0,
2025-10-17 09:28:04.789250+05:30,95.05,0,
2025-10-17 09:28:04.927373+05:30,94.65,0,
2025-10-17 09:28:05.730555+05:30,94.15,0,
2025-10-17 09:28:06.579537+05:30,93.5,0,
2025-10-17 09:28:06.934199+05:30,93.6,0,
2025-10-17 09:28:07.734321+05:30,94.2,0,
2025-10-17 09:28:08.201030+05:30,94.3,0,
2025-10-17 09:28:08.724717+05:30,95.1,0,
2025-10-17 09:28:09.725688+05:30,95.25,0,
2025-10-17 09:28:09.779867+05:30,94.85,0,
2025-10-17 09:28:10.715815+05:30,95.35,0,
2025-10-17 09:28:11.587796+05:30,95.1,0,
2025-10-17 09:28:11.731285+05:30,95.1,0,
2025-10-17 09:28:12.923223+05:30,94.65,0,
2025-10-17 09:28:13.208519+05:30,94.65,0,
2025-10-17 09:28:13.729639+05:30,95.1,0,
2025-10-17 09:28:14.797698+05:30,95.05,0,
2025-10-17 09:28:14.797698+05:30,94.95,0,
2025-10-17 09:28:15.728021+05:30,95.65,0,
2025-10-17 09:28:16.590275+05:30,96.95,0,
2025-10-17 09:28:16.721831+05:30,96.95,0,
2025-10-17 09:28:17.741975+05:30,96.3,0,
2025-10-17 09:28:18.411344+05:30,96.25,0,
2025-10-17 09:28:18.727862+05:30,96.85,0,
2025-10-17 09:28:19.740373+05:30,96.7,0,
2025-10-17 09:28:19.800309+05:30,96.95,0,
2025-10-17 09:28:20.737238+05:30,96.6,0,
2025-10-17 09:28:21.602160+05:30,96.2,0,
2025-10-17 09:28:21.738611+05:30,96.05,0,
2025-10-17 09:28:22.935631+05:30,94.8,0,
2025-10-17 09:28:23.421461+05:30,95.4,0,
2025-10-17 09:28:23.738434+05:30,96.0,0,
2025-10-17 09:28:24.741478+05:30,95.05,0,
2025-10-17 09:28:24.803973+05:30,95.4,0,
2025-10-17 09:28:25.739995+05:30,94.65,0,
2025-10-17 09:28:26.610391+05:30,94.8,0,
2025-10-17 09:28:26.733360+05:30,94.65,0,
2025-10-17 09:28:28.169287+05:30,96.05,0,
2025-10-17 09:28:28.231761+05:30,96.3,0,
2025-10-17 09:28:28.672764+05:30,96.3,0,
2025-10-17 09:28:28.741793+05:30,96.2,0,
2025-10-17 09:28:29.744758+05:30,96.1,0,
2025-10-17 09:28:29.822912+05:30,95.75,0,
2025-10-17 09:28:30.744246+05:30,96.6,0,
2025-10-17 09:28:31.631307+05:30,95.45,0,
2025-10-17 09:28:31.735081+05:30,95.9,0,
2025-10-17 09:28:32.966461+05:30,95.45,0,
2025-10-17 09:28:33.223452+05:30,95.9,0,
2025-10-17 09:28:33.733441+05:30,95.45,0,
2025-10-17 09:28:34.744967+05:30,95.5,0,
2025-10-17 09:28:34.830137+05:30,95.4,0,
2025-10-17 09:28:35.747436+05:30,95.6,0,
2025-10-17 09:28:36.651633+05:30,95.35,0,
2025-10-17 09:28:36.736275+05:30,95.2,0,
2025-10-17 09:28:37.955465+05:30,95.35,0,
2025-10-17 09:28:38.241153+05:30,95.0,0,
2025-10-17 09:28:38.742693+05:30,95.0,0,
2025-10-17 09:28:39.846399+05:30,95.1,0,
2025-10-17 09:28:39.846399+05:30,95.1,0,
2025-10-17 09:28:40.750904+05:30,95.55,0,
2025-10-17 09:28:41.638454+05:30,96.45,0,
2025-10-17 09:28:41.742537+05:30,96.3,0,
2025-10-17 09:28:42.742537+05:30,96.75,0,
2025-10-17 09:28:43.244067+05:30,96.65,0,
2025-10-17 09:28:44.147635+05:30,96.6,0,
2025-10-17 09:28:44.749406+05:30,96.5,0,
2025-10-17 09:28:44.834041+05:30,96.55,0,
2025-10-17 09:28:45.753298+05:30,96.65,0,
2025-10-17 09:28:46.640353+05:30,96.8,0,
2025-10-17 09:28:46.756304+05:30,96.9,0,
2025-10-17 09:28:47.744123+05:30,97.2,0,
2025-10-17 09:28:48.246101+05:30,97.1,0,
2025-10-17 09:28:48.748094+05:30,97.0,0,
2025-10-17 09:28:49.751031+05:30,96.9,0,
2025-10-17 09:28:49.851341+05:30,96.9,0,
2025-10-17 09:28:50.748015+05:30,97.0,0,
2025-10-17 09:28:51.675306+05:30,96.2,0,
2025-10-17 09:28:51.754424+05:30,96.15,0,
2025-10-17 09:28:52.755905+05:30,96.1,0,
2025-10-17 09:28:53.241789+05:30,95.75,0,
2025-10-17 09:28:53.959961+05:30,95.05,0,
2025-10-17 09:28:54.746749+05:30,95.95,0,
2025-10-17 09:28:54.847058+05:30,95.8,0,
2025-10-17 09:28:55.751216+05:30,96.75,0,
2025-10-17 09:28:56.652899+05:30,96.9,0,
2025-10-17 09:28:56.737567+05:30,96.6,0,
2025-10-17 09:28:57.749541+05:30,97.4,0,
2025-10-17 09:28:58.258540+05:30,96.85,0,
2025-10-17 09:28:58.691003+05:30,96.85,0,
2025-10-17 09:28:58.760043+05:30,96.6,0,
2025-10-17 09:28:59.747931+05:30,96.85,0,
2025-10-17 09:28:59.865832+05:30,97.0,0,
2025-10-17 09:29:01.071892+05:30,96.65,0,
2025-10-17 09:29:01.473072+05:30,96.8,0,
2025-10-17 09:29:01.761824+05:30,97.0,0,
2025-10-17 09:29:02.962410+05:30,97.15,0,
2025-10-17 09:29:03.278942+05:30,97.3,0,
2025-10-17 09:29:03.749671+05:30,98.15,0,
2025-10-17 09:29:04.752702+05:30,98.35,0,
2025-10-17 09:29:04.868639+05:30,98.75,0,
2025-10-17 09:29:05.756090+05:30,98.8,0,
2025-10-17 09:29:06.489910+05:30,99.1,0,
2025-10-17 09:29:06.960113+05:30,99.4,0,
2025-10-17 09:29:07.763573+05:30,99.9,0,
2025-10-17 09:29:08.265067+05:30,103.0,0,
2025-10-17 09:29:08.766547+05:30,102.3,0,
2025-10-17 09:29:09.769900+05:30,100.55,0,
2025-10-17 09:29:09.870212+05:30,100.35,0,
2025-10-17 09:29:11.175623+05:30,99.95,0,
2025-10-17 09:29:11.699775+05:30,99.7,0,
2025-10-17 09:29:11.769366+05:30,99.9,0,
2025-10-17 09:29:12.758124+05:30,98.8,0,
2025-10-17 09:29:13.281744+05:30,98.6,0,
2025-10-17 09:29:13.756639+05:30,98.85,0,
2025-10-17 09:29:14.764142+05:30,99.35,0,
2025-10-17 09:29:14.880055+05:30,99.55,0,
2025-10-17 09:29:15.975673+05:30,100.25,0,
2025-10-17 09:29:16.499823+05:30,100.05,0,
2025-10-17 09:29:16.762923+05:30,100.35,0,
2025-10-17 09:29:17.768955+05:30,99.9,0,
2025-10-17 09:29:18.082989+05:30,99.8,0,
2025-10-17 09:29:18.769462+05:30,99.5,0,
2025-10-17 09:29:19.767370+05:30,98.8,0,
2025-10-17 09:29:19.888803+05:30,98.8,0,
2025-10-17 09:29:20.760281+05:30,99.25,0,
2025-10-17 09:29:21.496109+05:30,99.5,0,
2025-10-17 09:29:21.750100+05:30,99.1,0,
2025-10-17 09:29:22.762159+05:30,99.25,0,
2025-10-17 09:29:23.085228+05:30,99.6,0,
2025-10-17 09:29:24.188916+05:30,99.3,0,
2025-10-17 09:29:24.790714+05:30,99.2,0,
2025-10-17 09:29:24.906676+05:30,99.35,0,
2025-10-17 09:29:25.778025+05:30,98.65,0,
2025-10-17 09:29:26.712524+05:30,98.55,0,
2025-10-17 09:29:26.775020+05:30,98.85,0,
2025-10-17 09:29:27.776421+05:30,99.15,0,
2025-10-17 09:29:28.101484+05:30,99.0,0,
2025-10-17 09:29:28.681133+05:30,99.0,0,
2025-10-17 09:29:28.765793+05:30,99.5,0,
2025-10-17 09:29:29.726279+05:30,98.8,0,
2025-10-17 09:29:29.790414+05:30,98.85,0,
2025-10-17 09:29:31.296895+05:30,99.3,0,
2025-10-17 09:29:31.312500+05:30,99.6,0,
2025-10-17 09:29:31.767247+05:30,99.3,0,
2025-10-17 09:29:32.770207+05:30,98.75,0,
2025-10-17 09:29:33.102414+05:30,98.35,0,
2025-10-17 09:29:33.755868+05:30,98.2,0,
2025-10-17 09:29:34.797605+05:30,97.25,0,
2025-10-17 09:29:34.797605+05:30,97.0,0,
2025-10-17 09:29:35.785355+05:30,96.85,0,
2025-10-17 09:29:36.318640+05:30,96.65,0,
2025-10-17 09:29:36.782305+05:30,96.75,0,
2025-10-17 09:29:37.788382+05:30,96.8,0,
2025-10-17 09:29:37.913318+05:30,96.9,0,
2025-10-17 09:29:39.201534+05:30,95.45,0,
2025-10-17 09:29:39.935458+05:30,95.0,0,
2025-10-17 09:29:39.935458+05:30,94.85,0,
2025-10-17 09:29:40.806909+05:30,94.35,0,
2025-10-17 09:29:41.419819+05:30,95.0,0,
2025-10-17 09:29:41.821330+05:30,95.5,0,
2025-10-17 09:29:42.940283+05:30,95.55,0,
2025-10-17 09:29:43.256742+05:30,95.6,0,
2025-10-17 09:29:43.943227+05:30,96.1,0,
2025-10-17 09:29:44.729989+05:30,95.6,0,
2025-10-17 09:29:44.776879+05:30,95.85,0,
2025-10-17 09:29:45.781869+05:30,96.25,0,
2025-10-17 09:29:46.326192+05:30,97.45,0,
2025-10-17 09:29:47.398233+05:30,99.1,0,
2025-10-17 09:29:47.764583+05:30,98.45,0,
2025-10-17 09:29:47.931453+05:30,99.85,0,
2025-10-17 09:29:49.003991+05:30,99.75,0,
2025-10-17 09:29:49.536820+05:30,99.3,0,
2025-10-17 09:29:49.778561+05:30,99.1,0,
2025-10-17 09:29:51.189228+05:30,99.3,0,
2025-10-17 09:29:51.322804+05:30,99.35,0,
2025-10-17 09:29:51.777459+05:30,99.75,0,
2025-10-17 09:29:52.780843+05:30,100.8,0,
2025-10-17 09:29:53.144238+05:30,100.65,0,
2025-10-17 09:29:53.785324+05:30,101.45,0,
2025-10-17 09:29:54.549993+05:30,102.15,0,
2025-10-17 09:29:54.788356+05:30,102.3,0,
2025-10-17 09:29:55.992383+05:30,101.3,0,
2025-10-17 09:29:56.340713+05:30,101.6,0,
2025-10-17 09:29:56.773161+05:30,101.45,0,
2025-10-17 09:29:57.787641+05:30,101.35,0,
2025-10-17 09:29:58.152444+05:30,101.6,0,
2025-10-17 09:29:58.685713+05:30,101.6,0,
2025-10-17 09:29:58.986600+05:30,101.55,0,
2025-10-17 09:29:59.557110+05:30,101.6,0,
2025-10-17 09:29:59.785966+05:30,101.9,0,
2025-10-17 09:30:00.791935+05:30,104.85,0,
2025-10-17 09:30:01.342172+05:30,103.95,0,
2025-10-17 09:30:01.816715+05:30,104.45,0,
2025-10-17 09:30:02.951280+05:30,103.9,0,
2025-10-17 09:30:03.220900+05:30,103.8,0,
2025-10-17 09:30:03.791862+05:30,102.6,0,
2025-10-17 09:30:04.556472+05:30,102.8,0,
2025-10-17 09:30:04.995453+05:30,102.8,0,
2025-10-17 09:30:05.798158+05:30,103.15,0,
2025-10-17 09:30:06.346571+05:30,102.95,0,
2025-10-17 09:30:06.801647+05:30,103.25,0,
2025-10-17 09:30:07.820798+05:30,103.5,0,
2025-10-17 09:30:07.990117+05:30,103.15,0,
2025-10-17 09:30:08.793041+05:30,103.5,0,
2025-10-17 09:30:09.558575+05:30,104.0,0,
2025-10-17 09:30:09.782340+05:30,103.85,0,
2025-10-17 09:30:10.786229+05:30,103.35,0,
2025-10-17 09:30:11.356735+05:30,103.9,0,
2025-10-17 09:30:11.797352+05:30,103.35,0,
2025-10-17 09:30:12.969511+05:30,103.0,0,
2025-10-17 09:30:13.217516+05:30,103.1,0,
2025-10-17 09:30:13.804241+05:30,102.2,0,
2025-10-17 09:30:14.568860+05:30,102.45,0,
2025-10-17 09:30:14.813214+05:30,101.85,0,
2025-10-17 09:30:15.801049+05:30,101.5,0,
2025-10-17 09:30:16.349968+05:30,102.2,0,
2025-10-17 09:30:17.006166+05:30,101.6,0,
2025-10-17 09:30:17.793423+05:30,101.9,0,
2025-10-17 09:30:18.172985+05:30,101.75,0,
2025-10-17 09:30:18.796784+05:30,101.65,0,
2025-10-17 09:30:19.561410+05:30,101.5,0,
2025-10-17 09:30:19.799794+05:30,101.45,0,
2025-10-17 09:30:20.802806+05:30,102.25,0,
2025-10-17 09:30:21.366831+05:30,101.75,0,
2025-10-17 09:30:21.803765+05:30,101.6,0,
2025-10-17 09:30:22.804274+05:30,100.95,0,
2025-10-17 09:30:23.205476+05:30,101.25,0,
2025-10-17 09:30:24.231032+05:30,100.35,0,
2025-10-17 09:30:24.578831+05:30,99.2,0,
2025-10-17 09:30:24.810679+05:30,99.3,0,
2025-10-17 09:30:25.829555+05:30,99.45,0,
2025-10-17 09:30:26.375829+05:30,98.8,0,
2025-10-17 09:30:27.009371+05:30,98.65,0,
2025-10-17 09:30:27.811937+05:30,97.95,0,
2025-10-17 09:30:28.197537+05:30,97.6,0,
2025-10-17 09:30:28.683761+05:30,97.6,0,
2025-10-17 09:30:28.815318+05:30,97.8,0,
2025-10-17 09:30:29.586487+05:30,97.9,0,
2025-10-17 09:30:29.802805+05:30,97.9,0,
2025-10-17 09:30:30.805819+05:30,98.15,0,
2025-10-17 09:30:31.376354+05:30,99.1,0,
2025-10-17 09:30:31.815783+05:30,98.95,0,
2025-10-17 09:30:32.844486+05:30,99.45,0,
2025-10-17 09:30:33.022899+05:30,99.4,0,
2025-10-17 09:30:33.814062+05:30,99.1,0,
2025-10-17 09:30:34.584191+05:30,99.7,0,
2025-10-17 09:30:35.032299+05:30,99.45,0,
2025-10-17 09:30:35.805379+05:30,99.9,0,
2025-10-17 09:30:36.391558+05:30,99.55,0,
2025-10-17 09:30:36.824497+05:30,99.9,0,
2025-10-17 09:30:37.811884+05:30,100.3,0,
2025-10-17 09:30:37.996842+05:30,99.9,0,
2025-10-17 09:30:38.814774+05:30,100.15,0,
2025-10-17 09:30:39.601576+05:30,99.8,0,
2025-10-17 09:30:39.818234+05:30,100.2,0,
2025-10-17 09:30:41.022329+05:30,100.0,0,
2025-10-17 09:30:41.392270+05:30,101.15,0,
2025-10-17 09:30:41.807620+05:30,100.7,0,
2025-10-17 09:30:42.812606+05:30,99.85,0,
2025-10-17 09:30:43.013214+05:30,100.25,0,
2025-10-17 09:30:43.815934+05:30,99.9,0,
2025-10-17 09:30:44.602723+05:30,100.05,0,
2025-10-17 09:30:44.818928+05:30,99.8,0,
2025-10-17 09:30:45.821968+05:30,100.1,0,
2025-10-17 09:30:46.408663+05:30,100.45,0,
2025-10-17 09:30:46.826010+05:30,101.15,0,
2025-10-17 09:30:47.813706+05:30,101.9,0,
2025-10-17 09:30:48.014293+05:30,101.8,0,
2025-10-17 09:30:48.816691+05:30,102.25,0,
2025-10-17 09:30:49.619104+05:30,102.75,0,
2025-10-17 09:30:49.820151+05:30,102.75,0,
2025-10-17 09:30:51.040395+05:30,102.8,0,
2025-10-17 09:30:51.457163+05:30,103.1,0,
2025-10-17 09:30:51.872744+05:30,103.15,0,
2025-10-17 09:30:52.944759+05:30,102.95,0,
2025-10-17 09:30:53.145370+05:30,102.85,0,
2025-10-17 09:30:54.032521+05:30,102.85,0,
2025-10-17 09:30:54.612163+05:30,103.4,0,
2025-10-17 09:30:55.035504+05:30,103.3,0,
2025-10-17 09:30:55.831874+05:30,103.1,0,
2025-10-17 09:30:56.421538+05:30,103.55,0,
2025-10-17 09:30:56.822738+05:30,103.0,0,
2025-10-17 09:30:57.848792+05:30,103.55,0,
2025-10-17 09:30:58.027255+05:30,103.45,0,
2025-10-17 09:30:58.682479+05:30,103.45,0,
2025-10-17 09:30:58.829624+05:30,103.4,0,
2025-10-17 09:30:59.638678+05:30,103.3,0,
2025-10-17 09:30:59.832433+05:30,102.7,0,
2025-10-17 09:31:01.051517+05:30,102.25,0,
2025-10-17 09:31:01.426939+05:30,101.65,0,
2025-10-17 09:31:01.828480+05:30,101.55,0,
2025-10-17 09:31:03.034572+05:30,101.2,0,
2025-10-17 09:31:03.250799+05:30,101.2,0,
2025-10-17 09:31:03.831324+05:30,100.85,0,
2025-10-17 09:31:04.624600+05:30,100.35,0,
2025-10-17 09:31:05.041382+05:30,100.25,0,
2025-10-17 09:31:05.833209+05:30,100.55,0,
2025-10-17 09:31:06.435015+05:30,101.05,0,
2025-10-17 09:31:07.037315+05:30,100.5,0,
2025-10-17 09:31:07.856829+05:30,100.95,0,
2025-10-17 09:31:08.059432+05:30,100.6,0,
2025-10-17 09:31:08.837117+05:30,101.25,0,
2025-10-17 09:31:09.636024+05:30,101.45,0,
2025-10-17 09:31:10.040664+05:30,101.4,0,
2025-10-17 09:31:10.827484+05:30,101.55,0,
2025-10-17 09:31:11.244817+05:30,101.85,0,
2025-10-17 09:31:12.044021+05:30,102.0,0,
2025-10-17 09:31:13.263636+05:30,102.85,0,
2025-10-17 09:31:13.279243+05:30,102.5,0,
2025-10-17 09:31:13.843284+05:30,102.4,0,
2025-10-17 09:31:14.634086+05:30,101.95,0,
2025-10-17 09:31:14.834633+05:30,102.0,0,
2025-10-17 09:31:16.054141+05:30,101.4,0,
2025-10-17 09:31:16.257705+05:30,100.95,0,
2025-10-17 09:31:16.831731+05:30,100.8,0,
2025-10-17 09:31:17.873145+05:30,100.95,0,
2025-10-17 09:31:17.873145+05:30,100.95,0,
2025-10-17 09:31:18.838412+05:30,101.05,0,
2025-10-17 09:31:19.649982+05:30,101.2,0,
2025-10-17 09:31:20.042998+05:30,101.0,0,
2025-10-17 09:31:20.829871+05:30,100.6,0,
2025-10-17 09:31:21.262332+05:30,100.45,0,
2025-10-17 09:31:21.833397+05:30,100.75,0,
2025-10-17 09:31:22.845329+05:30,100.35,0,
2025-10-17 09:31:23.077227+05:30,100.0,0,
2025-10-17 09:31:24.043235+05:30,100.5,0,
2025-10-17 09:31:24.657564+05:30,100.45,0,
2025-10-17 09:31:25.036647+05:30,100.75,0,
2025-10-17 09:31:26.062251+05:30,101.4,0,
2025-10-17 09:31:26.262851+05:30,101.4,0,
2025-10-17 09:31:27.043116+05:30,101.35,0,
2025-10-17 09:31:27.846006+05:30,101.75,0,
2025-10-17 09:31:28.084381+05:30,101.7,0,
2025-10-17 09:31:29.071742+05:30,101.7,0,
2025-10-17 09:31:29.071742+05:30,101.9,0,
2025-10-17 09:31:29.670963+05:30,102.6,0,
2025-10-17 09:31:30.026778+05:30,103.15,0,
2025-10-17 09:31:30.845295+05:30,102.85,0,
2025-10-17 09:31:31.277770+05:30,103.1,0,
2025-10-17 09:31:31.838207+05:30,103.2,0,
2025-10-17 09:31:32.849713+05:30,103.05,0,
2025-10-17 09:31:33.081612+05:30,103.15,0,
2025-10-17 09:31:33.847069+05:30,103.25,0,
2025-10-17 09:31:34.675655+05:30,103.0,0,
2025-10-17 09:31:34.838447+05:30,102.95,0,
2025-10-17 09:31:35.841450+05:30,103.45,0,
2025-10-17 09:31:36.281407+05:30,103.25,0,
2025-10-17 09:31:36.845425+05:30,103.8,0,
2025-10-17 09:31:37.848842+05:30,103.15,0,
2025-10-17 09:31:37.886655+05:30,103.4,0,
2025-10-17 09:31:38.836190+05:30,103.7,0,
2025-10-17 09:31:39.854743+05:30,103.75,0,
2025-10-17 09:31:39.854743+05:30,104.1,0,
2025-10-17 09:31:40.842636+05:30,102.9,0,
2025-10-17 09:31:41.281623+05:30,103.05,0,
2025-10-17 09:31:41.846066+05:30,103.0,0,
2025-10-17 09:31:43.052136+05:30,102.5,0,
2025-10-17 09:31:43.067774+05:30,102.45,0,
2025-10-17 09:31:43.855533+05:30,102.4,0,
2025-10-17 09:31:44.689244+05:30,102.7,0,
2025-10-17 09:31:44.836422+05:30,102.55,0,
2025-10-17 09:31:45.840778+05:30,103.45,0,
2025-10-17 09:31:46.279785+05:30,102.95,0,
2025-10-17 09:31:46.843806+05:30,103.0,0,
2025-10-17 09:31:47.847768+05:30,103.4,0,
2025-10-17 09:31:48.101794+05:30,103.4,0,
2025-10-17 09:31:48.850744+05:30,102.95,0,
2025-10-17 09:31:49.704079+05:30,102.8,0,
2025-10-17 09:31:49.838541+05:30,102.9,0,
2025-10-17 09:31:50.841540+05:30,103.15,0,
2025-10-17 09:31:51.581413+05:30,102.85,0,
2025-10-17 09:31:51.845507+05:30,103.3,0,
2025-10-17 09:31:52.859070+05:30,102.55,0,
2025-10-17 09:31:53.122180+05:30,102.5,0,
2025-10-17 09:31:53.862889+05:30,102.8,0,
2025-10-17 09:31:54.712713+05:30,101.4,0,
2025-10-17 09:31:54.844289+05:30,101.55,0,
2025-10-17 09:31:55.847692+05:30,102.2,0,
2025-10-17 09:31:56.318888+05:30,102.05,0,
2025-10-17 09:31:56.851659+05:30,102.05,0,
2025-10-17 09:31:57.855750+05:30,102.4,0,
2025-10-17 09:31:58.009500+05:30,102.4,0,
2025-10-17 09:31:58.695930+05:30,102.4,0,
2025-10-17 09:31:58.843135+05:30,102.35,0,
2025-10-17 09:31:59.720361+05:30,102.8,0,
2025-10-17 09:31:59.877715+05:30,102.25,0,
2025-10-17 09:32:00.884681+05:30,102.5,0,
2025-10-17 09:32:01.362900+05:30,102.65,0,
2025-10-17 09:32:01.917844+05:30,103.6,0,
2025-10-17 09:32:02.854201+05:30,102.7,0,
2025-10-17 09:32:03.114699+05:30,102.65,0,
2025-10-17 09:32:03.848261+05:30,103.3,0,
2025-10-17 09:32:04.735806+05:30,103.0,0,
2025-10-17 09:32:04.873915+05:30,103.3,0,
2025-10-17 09:32:05.855217+05:30,102.7,0,
2025-10-17 09:32:06.310846+05:30,102.95,0,
2025-10-17 09:32:07.059820+05:30,101.9,0,
2025-10-17 09:32:07.885727+05:30,102.2,0,
2025-10-17 09:32:07.932631+05:30,102.2,0,
2025-10-17 09:32:08.851426+05:30,102.15,0,
2025-10-17 09:32:09.734376+05:30,101.95,0,
2025-10-17 09:32:09.854464+05:30,101.6,0,
2025-10-17 09:32:10.857489+05:30,101.5,0,
2025-10-17 09:32:11.327715+05:30,101.4,0,
2025-10-17 09:32:11.861344+05:30,100.6,0,
2025-10-17 09:32:12.885420+05:30,100.7,0,
2025-10-17 09:32:12.947902+05:30,100.6,0,
2025-10-17 09:32:13.866278+05:30,100.9,0,
2025-10-17 09:32:14.728622+05:30,100.9,0,
2025-10-17 09:32:14.860194+05:30,101.1,0,
2025-10-17 09:32:15.863116+05:30,101.9,0,
2025-10-17 09:32:16.317763+05:30,101.9,0,
2025-10-17 09:32:16.866114+05:30,101.8,0,
2025-10-17 09:32:17.869494+05:30,102.0,0,
2025-10-17 09:32:17.938524+05:30,102.3,0,
2025-10-17 09:32:18.856864+05:30,102.4,0,
2025-10-17 09:32:19.761040+05:30,103.0,0,
2025-10-17 09:32:19.875453+05:30,103.05,0,
2025-10-17 09:32:20.862797+05:30,102.35,0,
2025-10-17 09:32:21.333978+05:30,102.25,0,
2025-10-17 09:32:21.866779+05:30,102.35,0,
2025-10-17 09:32:22.913142+05:30,102.0,0,
2025-10-17 09:32:22.944394+05:30,102.3,0,
2025-10-17 09:32:23.863057+05:30,100.2,0,
2025-10-17 09:32:24.750133+05:30,100.6,0,
2025-10-17 09:32:24.866049+05:30,100.5,0,
2025-10-17 09:32:25.869564+05:30,100.5,0,
2025-10-17 09:32:26.340327+05:30,100.85,0,
2025-10-17 09:32:26.873059+05:30,100.6,0,
2025-10-17 09:32:27.876922+05:30,101.05,0,
2025-10-17 09:32:28.199987+05:30,101.2,0,
2025-10-17 09:32:28.679865+05:30,101.2,0,
2025-10-17 09:32:28.902572+05:30,101.45,0,
2025-10-17 09:32:29.737206+05:30,101.1,0,
2025-10-17 09:32:29.868729+05:30,101.25,0,
2025-10-17 09:32:30.872250+05:30,101.45,0,
2025-10-17 09:32:31.342434+05:30,101.6,0,
2025-10-17 09:32:31.874965+05:30,101.3,0,
2025-10-17 09:32:32.879422+05:30,101.2,0,
2025-10-17 09:32:33.173750+05:30,101.45,0,
2025-10-17 09:32:33.876547+05:30,101.6,0,
2025-10-17 09:32:34.755345+05:30,101.95,0,
2025-10-17 09:32:34.871282+05:30,101.8,0,
2025-10-17 09:32:35.874905+05:30,102.1,0,
2025-10-17 09:32:36.345147+05:30,102.15,0,
2025-10-17 09:32:36.877891+05:30,101.55,0,
2025-10-17 09:32:37.865277+05:30,101.9,0,
2025-10-17 09:32:38.182234+05:30,101.5,0,
2025-10-17 09:32:38.868711+05:30,101.3,0,
2025-10-17 09:32:39.749200+05:30,101.4,0,
2025-10-17 09:32:39.872112+05:30,101.4,0,
2025-10-17 09:32:40.875114+05:30,101.1,0,
2025-10-17 09:32:41.360991+05:30,101.15,0,
2025-10-17 09:32:41.878595+05:30,101.25,0,
2025-10-17 09:32:42.881600+05:30,101.05,0,
2025-10-17 09:32:42.975349+05:30,100.95,0,
2025-10-17 09:32:43.884971+05:30,100.75,0,
2025-10-17 09:32:44.756473+05:30,100.95,0,
2025-10-17 09:32:44.872376+05:30,101.25,0,
2025-10-17 09:32:45.928809+05:30,100.7,0,
2025-10-17 09:32:46.361271+05:30,100.85,0,
2025-10-17 09:32:46.878368+05:30,100.9,0,
2025-10-17 09:32:47.882522+05:30,100.85,0,
2025-10-17 09:32:48.183896+05:30,100.6,0,
2025-10-17 09:32:48.886017+05:30,101.1,0,
2025-10-17 09:32:49.773564+05:30,100.55,0,
2025-10-17 09:32:49.873878+05:30,100.7,0,
2025-10-17 09:32:50.877360+05:30,101.25,0,
2025-10-17 09:32:51.378875+05:30,102.15,0,
2025-10-17 09:32:52.081517+05:30,102.05,0,
2025-10-17 09:32:52.883933+05:30,101.6,0,
2025-10-17 09:32:52.984226+05:30,101.25,0,
2025-10-17 09:32:53.888408+05:30,102.0,0,
2025-10-17 09:32:54.775468+05:30,102.2,0,
2025-10-17 09:32:54.891912+05:30,101.9,0,
2025-10-17 09:32:55.895365+05:30,102.35,0,
2025-10-17 09:32:56.381311+05:30,102.35,0,
2025-10-17 09:32:56.882802+05:30,102.5,0,
2025-10-17 09:32:57.886103+05:30,101.8,0,
2025-10-17 09:32:58.203138+05:30,101.75,0,
2025-10-17 09:32:58.689040+05:30,101.75,0,
2025-10-17 09:32:59.090253+05:30,99.4,0,
2025-10-17 09:32:59.777140+05:30,99.9,0,
2025-10-17 09:32:59.893104+05:30,99.8,0,
2025-10-17 09:33:00.880432+05:30,100.55,0,
2025-10-17 09:33:01.381952+05:30,100.6,0,
2025-10-17 09:33:01.899120+05:30,100.25,0,
2025-10-17 09:33:02.886986+05:30,101.1,0,
2025-10-17 09:33:03.002918+05:30,101.05,0,
2025-10-17 09:33:03.881803+05:30,100.6,0,
2025-10-17 09:33:04.785054+05:30,100.1,0,
2025-10-17 09:33:04.900968+05:30,100.2,0,
2025-10-17 09:33:05.888680+05:30,100.0,0,
2025-10-17 09:33:06.390180+05:30,100.0,0,
2025-10-17 09:33:06.891566+05:30,100.15,0,
2025-10-17 09:33:07.894669+05:30,99.65,0,
2025-10-17 09:33:08.211681+05:30,99.65,0,
2025-10-17 09:33:08.882514+05:30,99.75,0,
2025-10-17 09:33:09.801702+05:30,99.8,0,
2025-10-17 09:33:09.886333+05:30,99.95,0,
2025-10-17 09:33:10.889367+05:30,99.6,0,
2025-10-17 09:33:11.390857+05:30,99.7,0,
2025-10-17 09:33:12.108628+05:30,99.65,0,
2025-10-17 09:33:12.895249+05:30,99.9,0,
2025-10-17 09:33:13.220861+05:30,99.6,0,
2025-10-17 09:33:13.897235+05:30,99.9,0,
2025-10-17 09:33:14.799943+05:30,99.85,0,
2025-10-17 09:33:14.900234+05:30,99.85,0,
2025-10-17 09:33:15.903217+05:30,100.0,0,
2025-10-17 09:33:16.404749+05:30,100.2,0,
2025-10-17 09:33:16.890624+05:30,100.35,0,
2025-10-17 09:33:17.894427+05:30,101.5,0,
2025-10-17 09:33:18.025986+05:30,101.3,0,
2025-10-17 09:33:19.114122+05:30,101.85,0,
2025-10-17 09:33:19.801091+05:30,102.05,0,
2025-10-17 09:33:19.901376+05:30,101.9,0,
2025-10-17 09:33:20.904416+05:30,101.6,0,
2025-10-17 09:33:21.405896+05:30,101.55,0,
2025-10-17 09:33:21.923535+05:30,101.35,0,
2025-10-17 09:33:22.926370+05:30,101.6,0,
2025-10-17 09:33:23.042807+05:30,101.65,0,
2025-10-17 09:33:23.912692+05:30,101.8,0,
2025-10-17 09:33:24.815424+05:30,102.2,0,
2025-10-17 09:33:24.900128+05:30,102.25,0,
2025-10-17 09:33:25.903529+05:30,102.3,0,
2025-10-17 09:33:26.474103+05:30,101.95,0,
2025-10-17 09:33:26.906536+05:30,102.0,0,
2025-10-17 09:33:27.909441+05:30,101.65,0,
2025-10-17 09:33:28.025364+05:30,101.65,0,
2025-10-17 09:33:28.681105+05:30,101.65,0,
2025-10-17 09:33:28.897335+05:30,101.4,0,
2025-10-17 09:33:29.831247+05:30,100.15,0,
2025-10-17 09:33:30.116544+05:30,100.1,0,
2025-10-17 09:33:30.903813+05:30,102.0,0,
2025-10-17 09:33:31.452192+05:30,103.6,0,
2025-10-17 09:33:31.922329+05:30,106.45,0,
2025-10-17 09:33:32.925061+05:30,104.1,0,
2025-10-17 09:33:33.040991+05:30,103.95,0,
2025-10-17 09:33:34.108008+05:30,102.85,0,
2025-10-17 09:33:34.825673+05:30,102.95,0,
2025-10-17 09:33:34.910327+05:30,103.25,0,
2025-10-17 09:33:35.913494+05:30,104.05,0,
2025-10-17 09:33:36.446238+05:30,104.6,0,
2025-10-17 09:33:36.902341+05:30,105.05,0,
2025-10-17 09:33:38.052530+05:30,105.35,0,
2025-10-17 09:33:38.121564+05:30,105.35,0,
2025-10-17 09:33:38.930921+05:30,105.1,0,
2025-10-17 09:33:39.834061+05:30,104.95,0,
2025-10-17 09:33:39.903083+05:30,105.05,0,
2025-10-17 09:33:40.921541+05:30,104.1,0,
2025-10-17 09:33:41.659731+05:30,104.4,0,
2025-10-17 09:33:41.909578+05:30,104.25,0,
2025-10-17 09:33:42.912618+05:30,104.3,0,
2025-10-17 09:33:43.044166+05:30,104.7,0,
2025-10-17 09:33:43.904963+05:30,104.75,0,
2025-10-17 09:33:44.854582+05:30,104.8,0,
2025-10-17 09:33:44.923622+05:30,104.6,0,
2025-10-17 09:33:45.917868+05:30,104.85,0,
2025-10-17 09:33:46.651225+05:30,105.1,0,
2025-10-17 09:33:46.921838+05:30,104.95,0,
2025-10-17 09:33:47.909756+05:30,104.4,0,
2025-10-17 09:33:48.056926+05:30,104.8,0,
2025-10-17 09:33:48.913281+05:30,104.7,0,
2025-10-17 09:33:49.863247+05:30,104.05,0,
2025-10-17 09:33:49.916708+05:30,103.9,0,
2025-10-17 09:33:50.919691+05:30,104.3,0,
2025-10-17 09:33:51.468091+05:30,104.7,0,
2025-10-17 09:33:51.923609+05:30,104.2,0,
2025-10-17 09:33:52.910926+05:30,104.6,0,
2025-10-17 09:33:53.073731+05:30,104.45,0,
2025-10-17 09:33:53.909226+05:30,105.4,0,
2025-10-17 09:33:54.865352+05:30,105.65,0,
2025-10-17 09:33:54.912257+05:30,105.6,0,
2025-10-17 09:33:55.915314+05:30,104.65,0,
2025-10-17 09:33:56.501477+05:30,104.45,0,
2025-10-17 09:33:56.933962+05:30,104.65,0,
2025-10-17 09:33:57.921674+05:30,105.35,0,
2025-10-17 09:33:58.075876+05:30,105.55,0,
2025-10-17 09:33:58.693832+05:30,105.55,0,
2025-10-17 09:33:58.925685+05:30,104.7,0,
2025-10-17 09:33:59.860076+05:30,105.2,0,
2025-10-17 09:34:00.131113+05:30,105.2,0,
2025-10-17 09:34:00.918226+05:30,105.15,0,
2025-10-17 09:34:01.707219+05:30,105.15,0,
2025-10-17 09:34:01.920763+05:30,105.05,0,
2025-10-17 09:34:02.923779+05:30,104.8,0,
2025-10-17 09:34:03.070942+05:30,104.8,0,
2025-10-17 09:34:03.987252+05:30,105.3,0,
2025-10-17 09:34:04.880814+05:30,105.35,0,
2025-10-17 09:34:04.918592+05:30,105.6,0,
2025-10-17 09:34:05.922226+05:30,105.1,0,
2025-10-17 09:34:06.702461+05:30,105.05,0,
2025-10-17 09:34:06.927194+05:30,105.05,0,
2025-10-17 09:34:08.116266+05:30,104.7,0,
2025-10-17 09:34:08.332971+05:30,104.85,0,
2025-10-17 09:34:08.935710+05:30,104.7,0,
2025-10-17 09:34:09.723342+05:30,104.7,0,
2025-10-17 09:34:09.939604+05:30,105.05,0,
2025-10-17 09:34:10.943994+05:30,103.7,0,
2025-10-17 09:34:11.715149+05:30,104.55,0,
2025-10-17 09:34:11.933456+05:30,104.7,0,
2025-10-17 09:34:12.937313+05:30,104.65,0,
2025-10-17 09:34:13.100129+05:30,104.25,0,
2025-10-17 09:34:13.928333+05:30,105.6,0,
2025-10-17 09:34:14.708610+05:30,105.6,0,
2025-10-17 09:34:14.932880+05:30,106.35,0,
2025-10-17 09:34:15.936229+05:30,105.5,0,
2025-10-17 09:34:16.500310+05:30,105.2,0,
2025-10-17 09:34:17.039672+05:30,105.5,0,
2025-10-17 09:34:17.926900+05:30,105.3,0,
2025-10-17 09:34:18.105365+05:30,105.2,0,
2025-10-17 09:34:19.131049+05:30,104.1,0,
2025-10-17 09:34:19.720090+05:30,103.95,0,
2025-10-17 09:34:19.933416+05:30,104.3,0,
2025-10-17 09:34:20.936561+05:30,104.55,0,
2025-10-17 09:34:21.730643+05:30,104.25,0,
2025-10-17 09:34:21.943774+05:30,104.3,0,
2025-10-17 09:34:22.946861+05:30,104.65,0,
2025-10-17 09:34:23.109703+05:30,104.55,0,
2025-10-17 09:34:23.943244+05:30,104.5,0,
2025-10-17 09:34:24.709392+05:30,104.0,0,
2025-10-17 09:34:24.941252+05:30,104.25,0,
2025-10-17 09:34:25.966780+05:30,103.25,0,
2025-10-17 09:34:26.530864+05:30,103.3,0,
2025-10-17 09:34:26.947738+05:30,103.4,0,
2025-10-17 09:34:27.950976+05:30,102.9,0,
2025-10-17 09:34:28.120332+05:30,102.55,0,
2025-10-17 09:34:28.722158+05:30,102.55,0,
2025-10-17 09:34:28.938385+05:30,102.5,0,
2025-10-17 09:34:29.926241+05:30,102.2,0,
2025-10-17 09:34:29.941864+05:30,102.7,0,
2025-10-17 09:34:30.944939+05:30,102.9,0,
2025-10-17 09:34:31.531169+05:30,103.2,0,
2025-10-17 09:34:31.948310+05:30,103.55,0,
2025-10-17 09:34:32.951361+05:30,103.25,0,
2025-10-17 09:34:33.120715+05:30,103.2,0,
2025-10-17 09:34:33.954781+05:30,103.65,0,
2025-10-17 09:34:34.735043+05:30,103.95,0,
2025-10-17 09:34:35.136316+05:30,104.25,0,
2025-10-17 09:34:35.954589+05:30,104.15,0,
2025-10-17 09:34:36.540792+05:30,104.35,0,
2025-10-17 09:34:41.781360+05:30,104.3,0,
2025-10-17 09:34:41.860505+05:30,104.7,0,
2025-10-17 09:34:41.860505+05:30,104.5,0,
2025-10-17 09:34:41.876131+05:30,104.7,0,
2025-10-17 09:34:41.876131+05:30,104.65,0,
2025-10-17 09:34:41.876131+05:30,104.4,0,
2025-10-17 09:34:41.876131+05:30,104.75,0,
2025-10-17 09:34:41.876131+05:30,105.55,0,
2025-10-17 09:34:41.960837+05:30,105.95,0,
2025-10-17 09:34:42.963802+05:30,105.55,0,
2025-10-17 09:34:43.133179+05:30,105.4,0,
2025-10-17 09:34:43.951614+05:30,106.0,0,
2025-10-17 09:34:45.597683+05:30,105.8,0,
2025-10-17 09:34:45.613316+05:30,105.9,0,
2025-10-17 09:34:46.146054+05:30,106.45,0,
2025-10-17 09:34:46.547279+05:30,106.25,0,
2025-10-17 09:34:47.165183+05:30,106.35,0,
2025-10-17 09:34:47.967908+05:30,105.95,0,
2025-10-17 09:34:48.137262+05:30,106.05,0,
2025-10-17 09:34:49.187634+05:30,105.8,0,
2025-10-17 09:34:49.759163+05:30,105.9,0,
2025-10-17 09:34:49.960283+05:30,106.25,0,
2025-10-17 09:34:51.179584+05:30,107.2,0,
2025-10-17 09:34:51.549552+05:30,106.35,0,
2025-10-17 09:34:51.966590+05:30,106.45,0,
2025-10-17 09:34:53.170772+05:30,106.2,0,
2025-10-17 09:34:53.170772+05:30,106.2,0,
2025-10-17 09:34:54.158366+05:30,105.55,0,
2025-10-17 09:34:54.745519+05:30,105.65,0,
2025-10-17 09:34:54.961743+05:30,105.6,0,
2025-10-17 09:34:55.965574+05:30,105.6,0,
2025-10-17 09:34:56.551758+05:30,105.7,0,
2025-10-17 09:34:56.968607+05:30,105.9,0,
2025-10-17 09:34:57.971917+05:30,106.6,0,
2025-10-17 09:34:58.172515+05:30,106.55,0,
2025-10-17 09:34:58.674035+05:30,106.55,0,
2025-10-17 09:34:58.959359+05:30,106.3,0,
2025-10-17 09:34:59.755526+05:30,107.0,0,
2025-10-17 09:35:00.210559+05:30,107.65,0,
2025-10-17 09:35:00.981750+05:30,107.0,0,
2025-10-17 09:35:01.552354+05:30,106.65,0,
2025-10-17 09:35:02.169759+05:30,107.7,0,
2025-10-17 09:35:02.972216+05:30,107.45,0,
2025-10-17 09:35:03.373379+05:30,107.35,0,
2025-10-17 09:35:03.975988+05:30,106.8,0,
2025-10-17 09:35:04.765842+05:30,106.5,0,
2025-10-17 09:35:04.966455+05:30,106.85,0,
2025-10-17 09:35:06.201711+05:30,106.85,0,
2025-10-17 09:35:06.571669+05:30,107.2,0,
2025-10-17 09:35:07.189088+05:30,107.9,0,
2025-10-17 09:35:07.991493+05:30,108.7,0,
2025-10-17 09:35:08.192102+05:30,107.95,0,
2025-10-17 09:35:09.179494+05:30,108.1,0,
2025-10-17 09:35:09.782138+05:30,107.7,0,
2025-10-17 09:35:10.167720+05:30,106.65,0,
2025-10-17 09:35:11.186916+05:30,106.4,0,
2025-10-17 09:35:11.572477+05:30,106.0,0,
2025-10-17 09:35:12.020765+05:30,105.65,0,
2025-10-17 09:35:12.978219+05:30,105.1,0,
2025-10-17 09:35:13.178856+05:30,105.15,0,
2025-10-17 09:35:14.182433+05:30,105.85,0,
2025-10-17 09:35:14.789335+05:30,105.7,0,
2025-10-17 09:35:15.190532+05:30,105.95,0,
2025-10-17 09:35:16.177880+05:30,106.25,0,
2025-10-17 09:35:16.579135+05:30,106.3,0,
2025-10-17 09:35:17.196546+05:30,106.95,0,
2025-10-17 09:35:18.184749+05:30,106.7,0,
2025-10-17 09:35:18.200352+05:30,107.1,0,
2025-10-17 09:35:19.188218+05:30,107.4,0,
2025-10-17 09:35:19.806139+05:30,108.25,0,
2025-10-17 09:35:19.975515+05:30,107.85,0,
2025-10-17 09:35:21.195271+05:30,108.5,0,
2025-10-17 09:35:21.581287+05:30,108.5,0,
2025-10-17 09:35:22.384726+05:30,107.85,0,
2025-10-17 09:35:22.986530+05:30,108.2,0,
2025-10-17 09:35:23.202776+05:30,108.2,0,
2025-10-17 09:35:23.989932+05:30,107.8,0,
2025-10-17 09:35:24.789876+05:30,108.05,0,
2025-10-17 09:35:25.191462+05:30,108.05,0,
2025-10-17 09:35:25.979265+05:30,108.35,0,
2025-10-17 09:35:26.697493+05:30,108.1,0,
2025-10-17 09:35:26.982801+05:30,108.7,0,
2025-10-17 09:35:27.986166+05:30,108.2,0,
2025-10-17 09:35:28.202415+05:30,108.15,0,
2025-10-17 09:35:28.672681+05:30,108.15,0,
2025-10-17 09:35:28.989212+05:30,108.0,0,
2025-10-17 09:35:29.808033+05:30,106.9,0,
2025-10-17 09:35:29.977402+05:30,106.8,0,
2025-10-17 09:35:30.980486+05:30,105.7,0,
2025-10-17 09:35:31.597917+05:30,106.1,0,
2025-10-17 09:35:31.983867+05:30,106.1,0,
2025-10-17 09:35:32.986918+05:30,105.9,0,
2025-10-17 09:35:33.218714+05:30,105.75,0,
2025-10-17 09:35:34.207005+05:30,105.9,0,
2025-10-17 09:35:34.802225+05:30,105.75,0,
2025-10-17 09:35:34.994225+05:30,105.85,0,
2025-10-17 09:35:36.198317+05:30,105.8,0,
2025-10-17 09:35:36.615205+05:30,105.0,0,
2025-10-17 09:35:37.201459+05:30,105.2,0,
2025-10-17 09:35:38.204592+05:30,104.9,0,
2025-10-17 09:35:38.220217+05:30,104.55,0,
2025-10-17 09:35:38.991541+05:30,104.85,0,
2025-10-17 09:35:39.809941+05:30,105.15,0,
2025-10-17 09:35:40.459212+05:30,105.1,0,
2025-10-17 09:35:41.199129+05:30,104.65,0,
2025-10-17 09:35:41.431029+05:30,104.75,0,
2025-10-17 09:35:41.995240+05:30,104.9,0,
2025-10-17 09:35:42.988644+05:30,104.1,0,
2025-10-17 09:35:43.227058+05:30,103.75,0,
2025-10-17 09:35:44.192281+05:30,103.35,0,
2025-10-17 09:35:44.816264+05:30,103.05,0,
2025-10-17 09:35:45.186777+05:30,103.15,0,
2025-10-17 09:35:45.989481+05:30,102.9,0,
2025-10-17 09:35:46.428519+05:30,102.8,0,
2025-10-17 09:35:46.992536+05:30,101.85,0,
2025-10-17 09:35:47.996400+05:30,102.35,0,
2025-10-17 09:35:48.234838+05:30,102.45,0,
2025-10-17 09:35:49.215676+05:30,102.75,0,
2025-10-17 09:35:49.826905+05:30,103.2,0,
2025-10-17 09:35:49.989728+05:30,103.6,0,
2025-10-17 09:35:51.194063+05:30,105.0,0,
2025-10-17 09:35:51.432451+05:30,104.65,0,
2025-10-17 09:35:51.997254+05:30,105.6,0,
2025-10-17 09:35:53.000366+05:30,106.0,0,
2025-10-17 09:35:53.238758+05:30,106.15,0,
2025-10-17 09:35:54.003651+05:30,105.5,0,
2025-10-17 09:35:54.843855+05:30,104.9,0,
2025-10-17 09:35:55.203722+05:30,105.2,0,
2025-10-17 09:35:55.990804+05:30,105.6,0,
2025-10-17 09:35:56.445407+05:30,105.4,0,
2025-10-17 09:35:57.410744+05:30,105.3,0,
2025-10-17 09:35:58.235743+05:30,105.35,0,
2025-10-17 09:35:58.683835+05:30,105.35,0,
2025-10-17 09:35:59.200983+05:30,105.05,0,
2025-10-17 09:35:59.840869+05:30,104.9,0,
2025-10-17 09:36:00.003709+05:30,105.2,0,
2025-10-17 09:36:01.007357+05:30,104.7,0,
2025-10-17 09:36:01.446339+05:30,105.3,0,
2025-10-17 09:36:01.995009+05:30,105.15,0,
2025-10-17 09:36:02.998081+05:30,105.05,0,
2025-10-17 09:36:03.252068+05:30,104.95,0,
2025-10-17 09:36:04.001457+05:30,104.5,0,
2025-10-17 09:36:04.850841+05:30,103.55,0,
2025-10-17 09:36:05.010066+05:30,104.15,0,
2025-10-17 09:36:06.201330+05:30,104.85,0,
2025-10-17 09:36:06.455400+05:30,105.0,0,
2025-10-17 09:36:07.420600+05:30,105.45,0,
2025-10-17 09:36:08.223515+05:30,106.25,0,
2025-10-17 09:36:08.261292+05:30,107.1,0,
2025-10-17 09:36:09.195866+05:30,107.2,0,
2025-10-17 09:36:09.866970+05:30,107.75,0,
2025-10-17 09:36:10.014154+05:30,107.5,0,
2025-10-17 09:36:11.002132+05:30,107.15,0,
2025-10-17 09:36:11.691291+05:30,106.85,0,
2025-10-17 09:36:12.005484+05:30,106.8,0,
2025-10-17 09:36:13.008356+05:30,108.0,0,
2025-10-17 09:36:13.262365+05:30,108.15,0,
2025-10-17 09:36:14.011452+05:30,108.05,0,
2025-10-17 09:36:14.867361+05:30,108.25,0,
2025-10-17 09:36:15.014559+05:30,107.95,0,
2025-10-17 09:36:16.226094+05:30,109.4,0,
2025-10-17 09:36:16.696327+05:30,108.75,0,
2025-10-17 09:36:17.012843+05:30,109.3,0,
2025-10-17 09:36:18.201220+05:30,108.95,0,
2025-10-17 09:36:18.270269+05:30,109.0,0,
2025-10-17 09:36:19.219928+05:30,109.4,0,
2025-10-17 09:36:19.875410+05:30,109.0,0,
2025-10-17 09:36:20.022607+05:30,109.4,0,
2025-10-17 09:36:21.010616+05:30,109.8,0,
2025-10-17 09:36:21.706358+05:30,109.35,0,
2025-10-17 09:36:22.014012+05:30,110.55,0,
2025-10-17 09:36:23.202100+05:30,110.0,0,
2025-10-17 09:36:23.264597+05:30,109.7,0,
2025-10-17 09:36:24.020353+05:30,109.65,0,
2025-10-17 09:36:24.869765+05:30,109.2,0,
2025-10-17 09:36:25.007883+05:30,109.2,0,
2025-10-17 09:36:26.020203+05:30,109.7,0,
2025-10-17 09:36:26.490512+05:30,109.75,0,
2025-10-17 09:36:27.007899+05:30,109.75,0,
2025-10-17 09:36:28.064962+05:30,109.6,0,
2025-10-17 09:36:28.281219+05:30,109.8,0,
2025-10-17 09:36:28.682480+05:30,109.8,0,
2025-10-17 09:36:29.014645+05:30,110.15,0,
2025-10-17 09:36:29.886409+05:30,110.95,0,
2025-10-17 09:36:30.017970+05:30,110.55,0,
2025-10-17 09:36:31.206518+05:30,111.65,0,
2025-10-17 09:36:31.708152+05:30,111.35,0,
2025-10-17 09:36:32.008846+05:30,111.35,0,
2025-10-17 09:36:33.027526+05:30,111.25,0,
2025-10-17 09:36:33.281540+05:30,111.8,0,
2025-10-17 09:36:34.046381+05:30,111.55,0,
2025-10-17 09:36:34.902206+05:30,111.15,0,
2025-10-17 09:36:35.033766+05:30,111.1,0,
2025-10-17 09:36:36.028617+05:30,111.8,0,
2025-10-17 09:36:36.530173+05:30,111.8,0,
2025-10-17 09:36:37.016063+05:30,111.85,0,
2025-10-17 09:36:38.018995+05:30,112.1,0,
2025-10-17 09:36:38.304248+05:30,111.95,0,
2025-10-17 09:36:39.022007+05:30,112.1,0,
2025-10-17 09:36:39.893840+05:30,112.0,0,
2025-10-17 09:36:40.025431+05:30,111.8,0,
2025-10-17 09:36:41.245192+05:30,111.75,0,
2025-10-17 09:36:41.729520+05:30,112.0,0,
2025-10-17 09:36:42.032421+05:30,111.4,0,
2025-10-17 09:36:43.019967+05:30,111.75,0,
2025-10-17 09:36:43.305206+05:30,111.85,0,
2025-10-17 09:36:44.023136+05:30,112.35,0,
2025-10-17 09:36:44.910699+05:30,112.1,0,
2025-10-17 09:36:45.026666+05:30,112.0,0,
2025-10-17 09:36:46.020486+05:30,112.6,0,
2025-10-17 09:36:46.522003+05:30,112.2,0,
2025-10-17 09:36:47.023592+05:30,112.6,0,
2025-10-17 09:36:48.026967+05:30,112.55,0,
2025-10-17 09:36:48.359117+05:30,112.2,0,
2025-10-17 09:36:49.014338+05:30,112.3,0,
2025-10-17 09:36:49.948677+05:30,112.25,0,
2025-10-17 09:36:50.033365+05:30,112.6,0,
2025-10-17 09:36:51.021260+05:30,112.2,0,
2025-10-17 09:36:51.522817+05:30,112.05,0,
2025-10-17 09:36:52.024698+05:30,111.1,0,
2025-10-17 09:36:53.027740+05:30,111.25,0,
2025-10-17 09:36:53.322210+05:30,111.6,0,
2025-10-17 09:36:54.215725+05:30,112.35,0,
2025-10-17 09:36:54.917812+05:30,111.55,0,
2025-10-17 09:36:55.040264+05:30,111.0,0,
2025-10-17 09:36:56.035193+05:30,111.55,0,
2025-10-17 09:36:56.536695+05:30,110.0,0,
2025-10-17 09:36:57.038231+05:30,109.35,0,
2025-10-17 09:36:58.034806+05:30,109.0,0,
2025-10-17 09:36:58.321073+05:30,109.25,0,
2025-10-17 09:36:58.675402+05:30,109.25,0,
2025-10-17 09:36:59.038794+05:30,109.8,0,
2025-10-17 09:36:59.927318+05:30,110.0,0,
2025-10-17 09:37:00.043219+05:30,109.8,0,
2025-10-17 09:37:01.032629+05:30,109.65,0,
2025-10-17 09:37:01.534148+05:30,110.1,0,
2025-10-17 09:37:02.035678+05:30,109.9,0,
2025-10-17 09:37:03.261477+05:30,110.45,0,
2025-10-17 09:37:03.361771+05:30,110.5,0,
2025-10-17 09:37:04.042066+05:30,110.4,0,
2025-10-17 09:37:04.960453+05:30,110.45,0,
2025-10-17 09:37:05.045098+05:30,110.55,0,
2025-10-17 09:37:06.033802+05:30,110.8,0,
2025-10-17 09:37:06.551405+05:30,110.1,0,
2025-10-17 09:37:07.041341+05:30,110.1,0,
2025-10-17 09:37:08.044775+05:30,110.35,0,
2025-10-17 09:37:08.330065+05:30,110.6,0,
2025-10-17 09:37:09.587167+05:30,110.35,0,
2025-10-17 09:37:09.935308+05:30,109.0,0,
2025-10-17 09:37:10.035598+05:30,109.2,0,
2025-10-17 09:37:11.039134+05:30,109.85,0,
2025-10-17 09:37:11.556287+05:30,108.85,0,
2025-10-17 09:37:12.042524+05:30,108.6,0,
2025-10-17 09:37:13.029810+05:30,108.8,0,
2025-10-17 09:37:13.384078+05:30,108.7,0,
2025-10-17 09:37:14.032838+05:30,108.65,0,
2025-10-17 09:37:14.951101+05:30,109.15,0,
2025-10-17 09:37:15.035793+05:30,108.85,0,
2025-10-17 09:37:16.032660+05:30,108.5,0,
2025-10-17 09:37:16.563933+05:30,109.0,0,
2025-10-17 09:37:17.065468+05:30,109.4,0,
2025-10-17 09:37:18.037600+05:30,109.15,0,
2025-10-17 09:37:18.369745+05:30,109.3,0,
2025-10-17 09:37:19.071891+05:30,109.45,0,
2025-10-17 09:37:19.958899+05:30,109.75,0,
2025-10-17 09:37:20.043570+05:30,110.0,0,
2025-10-17 09:37:21.046628+05:30,109.9,0,
2025-10-17 09:37:21.564258+05:30,109.85,0,
2025-10-17 09:37:22.050560+05:30,110.0,0,
2025-10-17 09:37:23.038060+05:30,109.85,0,
2025-10-17 09:37:23.354630+05:30,110.2,0,
2025-10-17 09:37:24.273145+05:30,109.8,0,
2025-10-17 09:37:24.975347+05:30,110.6,0,
2025-10-17 09:37:25.044386+05:30,110.35,0,
2025-10-17 09:37:26.047654+05:30,109.55,0,
2025-10-17 09:37:26.580454+05:30,109.95,0,
2025-10-17 09:37:27.050781+05:30,109.6,0,
2025-10-17 09:37:28.038567+05:30,109.35,0,
2025-10-17 09:37:28.370556+05:30,108.85,0,
2025-10-17 09:37:28.671492+05:30,108.85,0,
2025-10-17 09:37:29.072698+05:30,109.1,0,
2025-10-17 09:37:30.075615+05:30,109.9,0,
2025-10-17 09:37:30.075615+05:30,109.8,0,
2025-10-17 09:37:31.047512+05:30,110.05,0,
2025-10-17 09:37:31.580798+05:30,110.3,0,
2025-10-17 09:37:32.051403+05:30,110.8,0,
2025-10-17 09:37:33.038897+05:30,110.65,0,
2025-10-17 09:37:33.386665+05:30,110.15,0,
2025-10-17 09:37:34.258426+05:30,109.8,0,
2025-10-17 09:37:34.991807+05:30,110.0,0,
2025-10-17 09:37:35.045213+05:30,109.95,0,
2025-10-17 09:37:36.048475+05:30,110.3,0,
2025-10-17 09:37:36.582703+05:30,110.1,0,
2025-10-17 09:37:37.052992+05:30,110.15,0,
2025-10-17 09:37:38.050100+05:30,110.4,0,
2025-10-17 09:37:38.394213+05:30,110.75,0,
2025-10-17 09:37:39.043376+05:30,110.2,0,
2025-10-17 09:37:40.062444+05:30,110.3,0,
2025-10-17 09:37:40.068958+05:30,110.15,0,
2025-10-17 09:37:41.047368+05:30,109.85,0,
2025-10-17 09:37:41.602838+05:30,109.95,0,
2025-10-17 09:37:42.051175+05:30,110.0,0,
2025-10-17 09:37:43.054254+05:30,109.2,0,
2025-10-17 09:37:43.408575+05:30,109.7,0,
2025-10-17 09:37:44.057648+05:30,109.45,0,
2025-10-17 09:37:45.060684+05:30,109.8,0,
2025-10-17 09:37:45.076305+05:30,109.85,0,
2025-10-17 09:37:46.064014+05:30,110.15,0,
2025-10-17 09:37:46.592734+05:30,109.8,0,
2025-10-17 09:37:47.047876+05:30,110.2,0,
2025-10-17 09:37:48.051874+05:30,110.5,0,
2025-10-17 09:37:48.399680+05:30,110.05,0,
2025-10-17 09:37:49.054871+05:30,110.0,0,
2025-10-17 09:37:50.020456+05:30,110.55,0,
2025-10-17 09:37:50.058247+05:30,110.55,0,
2025-10-17 09:37:51.048199+05:30,110.7,0,
2025-10-17 09:37:51.612798+05:30,110.7,0,
2025-10-17 09:37:52.052135+05:30,110.6,0,
2025-10-17 09:37:53.139864+05:30,111.75,0,
2025-10-17 09:37:53.402978+05:30,111.75,0,
2025-10-17 09:37:54.158877+05:30,111.5,0,
2025-10-17 09:37:55.061683+05:30,111.3,0,
2025-10-17 09:37:55.061683+05:30,111.3,0,
2025-10-17 09:37:56.064973+05:30,111.2,0,
2025-10-17 09:37:56.677881+05:30,112.0,0,
2025-10-17 09:37:57.264062+05:30,112.75,0,
2025-10-17 09:37:58.052285+05:30,112.35,0,
2025-10-17 09:37:58.422219+05:30,112.5,0,
2025-10-17 09:37:58.676254+05:30,112.5,0,
2025-10-17 09:37:59.055319+05:30,111.8,0,
2025-10-17 09:38:00.027344+05:30,111.85,0,
2025-10-17 09:38:00.074240+05:30,111.85,0,
2025-10-17 09:38:01.084247+05:30,111.3,0,
2025-10-17 09:38:01.637750+05:30,111.6,0,
2025-10-17 09:38:02.065620+05:30,111.55,0,
2025-10-17 09:38:03.068680+05:30,111.75,0,
2025-10-17 09:38:03.423501+05:30,111.65,0,
2025-10-17 09:38:04.056443+05:30,110.35,0,
2025-10-17 09:38:05.043608+05:30,110.7,0,
2025-10-17 09:38:05.059232+05:30,110.85,0,
2025-10-17 09:38:06.062361+05:30,110.9,0,
2025-10-17 09:38:06.695396+05:30,110.8,0,
2025-10-17 09:38:07.063720+05:30,110.45,0,
2025-10-17 09:38:08.067188+05:30,109.65,0,
2025-10-17 09:38:08.437152+05:30,109.8,0,
2025-10-17 09:38:09.070193+05:30,109.6,0,
2025-10-17 09:38:10.041914+05:30,110.1,0,
2025-10-17 09:38:10.258142+05:30,110.0,0,
2025-10-17 09:38:11.649212+05:30,110.4,0,
2025-10-17 09:38:12.080039+05:30,110.35,0,
2025-10-17 09:38:13.067314+05:30,109.75,0,
2025-10-17 09:38:13.252292+05:30,110.05,0,
2025-10-17 09:38:14.070382+05:30,110.2,0,
2025-10-17 09:38:15.058788+05:30,110.2,0,
2025-10-17 09:38:15.074413+05:30,110.15,0,
2025-10-17 09:38:16.062197+05:30,110.75,0,
2025-10-17 09:38:16.664006+05:30,110.9,0,
2025-10-17 09:38:17.079831+05:30,110.7,0,
2025-10-17 09:38:18.067695+05:30,111.25,0,
2025-10-17 09:38:18.252675+05:30,111.3,0,
2025-10-17 09:38:19.070798+05:30,111.8,0,
2025-10-17 09:38:20.058424+05:30,111.15,0,
2025-10-17 09:38:20.089656+05:30,111.35,0,
2025-10-17 09:38:21.077119+05:30,111.4,0,
2025-10-17 09:38:21.669925+05:30,111.35,0,
2025-10-17 09:38:22.080552+05:30,111.3,0,
2025-10-17 09:38:23.067952+05:30,110.95,0,
2025-10-17 09:38:23.268582+05:30,111.0,0,
2025-10-17 09:38:24.071334+05:30,110.6,0,
2025-10-17 09:38:25.074439+05:30,111.05,0,
2025-10-17 09:38:25.090063+05:30,111.05,0,
2025-10-17 09:38:26.077634+05:30,111.15,0,
2025-10-17 09:38:26.695069+05:30,110.8,0,
2025-10-17 09:38:27.097713+05:30,110.4,0,
2025-10-17 09:38:28.116422+05:30,111.0,0,
2025-10-17 09:38:28.285790+05:30,110.9,0,
2025-10-17 09:38:28.687017+05:30,110.9,0,
2025-10-17 09:38:29.088304+05:30,111.7,0,
2025-10-17 09:38:30.076355+05:30,110.9,0,
2025-10-17 09:38:30.091985+05:30,110.85,0,
2025-10-17 09:38:31.079424+05:30,111.2,0,
2025-10-17 09:38:31.687214+05:30,111.4,0,
2025-10-17 09:38:32.082881+05:30,111.5,0,
2025-10-17 09:38:33.085937+05:30,110.7,0,
2025-10-17 09:38:33.270887+05:30,110.75,0,
2025-10-17 09:38:34.073624+05:30,111.0,0,
2025-10-17 09:38:35.077180+05:30,111.0,0,
2025-10-17 09:38:35.077180+05:30,111.0,0,
2025-10-17 09:38:36.281148+05:30,110.7,0,
2025-10-17 09:38:36.682416+05:30,110.85,0,
2025-10-17 09:38:37.077089+05:30,110.55,0,
2025-10-17 09:38:38.094581+05:30,110.9,0,
2025-10-17 09:38:38.295078+05:30,111.15,0,
2025-10-17 09:38:39.081874+05:30,111.0,0,
2025-10-17 09:38:40.084707+05:30,111.7,0,
2025-10-17 09:38:40.084707+05:30,111.7,0,
2025-10-17 09:38:41.087573+05:30,111.4,0,
2025-10-17 09:38:41.699292+05:30,111.05,0,
2025-10-17 09:38:42.091314+05:30,111.0,0,
2025-10-17 09:38:43.080712+05:30,111.2,0,
2025-10-17 09:38:43.281287+05:30,111.25,0,
2025-10-17 09:38:44.084157+05:30,111.8,0,
2025-10-17 09:38:45.125026+05:30,111.7,0,
2025-10-17 09:38:45.125026+05:30,111.7,0,
2025-10-17 09:38:46.090515+05:30,111.7,0,
2025-10-17 09:38:46.692351+05:30,111.9,0,
2025-10-17 09:38:47.093594+05:30,111.55,0,
2025-10-17 09:38:48.082306+05:30,111.65,0,
2025-10-17 09:38:48.298570+05:30,111.55,0,
2025-10-17 09:38:49.085430+05:30,111.4,0,
2025-10-17 09:38:50.088775+05:30,110.4,0,
2025-10-17 09:38:50.104414+05:30,110.4,0,
2025-10-17 09:38:51.091813+05:30,110.6,0,
2025-10-17 09:38:51.706154+05:30,110.75,0,
2025-10-17 09:38:52.095193+05:30,110.9,0,
2025-10-17 09:38:53.299340+05:30,110.9,0,
2025-10-17 09:38:54.102090+05:30,110.25,0,
2025-10-17 09:38:55.121283+05:30,110.5,0,
2025-10-17 09:38:55.136908+05:30,110.5,0,
2025-10-17 09:38:56.109648+05:30,110.6,0,
2025-10-17 09:38:56.711869+05:30,110.75,0,
2025-10-17 09:38:57.091426+05:30,110.45,0,
2025-10-17 09:38:58.095854+05:30,110.8,0,
2025-10-17 09:38:58.312111+05:30,110.65,0,
2025-10-17 09:38:58.903302+05:30,110.65,0,
2025-10-17 09:38:59.327398+05:30,109.85,0,
2025-10-17 09:38:59.926663+05:30,110.1,0,
2025-10-17 09:39:00.103926+05:30,110.25,0,
2025-10-17 09:39:01.146164+05:30,109.5,0,
2025-10-17 09:39:01.754218+05:30,109.55,0,
2025-10-17 09:39:02.150051+05:30,109.5,0,
2025-10-17 09:39:03.176163+05:30,109.8,0,
2025-10-17 09:39:03.392507+05:30,110.0,0,
2025-10-17 09:39:04.211799+05:30,109.65,0,
2025-10-17 09:39:05.098928+05:30,109.7,0,
2025-10-17 09:39:05.098928+05:30,109.95,0,
2025-10-17 09:39:06.103890+05:30,110.3,0,
2025-10-17 09:39:06.732430+05:30,110.5,0,
2025-10-17 09:39:07.116559+05:30,110.85,0,
2025-10-17 09:39:08.102799+05:30,111.3,0,
2025-10-17 09:39:08.314482+05:30,111.35,0,
2025-10-17 09:39:09.104948+05:30,110.65,0,
2025-10-17 09:39:09.934720+05:30,110.5,0,
2025-10-17 09:39:10.128166+05:30,110.45,0,
2025-10-17 09:39:11.109192+05:30,110.5,0,
2025-10-17 09:39:11.727455+05:30,110.65,0,
2025-10-17 09:39:12.103000+05:30,110.7,0,
2025-10-17 09:39:13.153694+05:30,110.7,0,
2025-10-17 09:39:13.325630+05:30,110.7,0,
2025-10-17 09:39:14.124717+05:30,110.85,0,
2025-10-17 09:39:14.955620+05:30,110.8,0,
2025-10-17 09:39:15.122008+05:30,110.8,0,
2025-10-17 09:39:16.113588+05:30,110.65,0,
2025-10-17 09:39:16.743510+05:30,110.4,0,
2025-10-17 09:39:17.104020+05:30,110.3,0,
2025-10-17 09:39:18.113768+05:30,110.3,0,
2025-10-17 09:39:18.339310+05:30,110.65,0,
2025-10-17 09:39:19.116084+05:30,110.05,0,
2025-10-17 09:39:19.947945+05:30,110.7,0,
2025-10-17 09:39:20.314967+05:30,110.35,0,
2025-10-17 09:39:21.117149+05:30,110.55,0,
2025-10-17 09:39:21.752011+05:30,110.1,0,
2025-10-17 09:39:22.119758+05:30,110.65,0,
2025-10-17 09:39:23.118159+05:30,110.95,0,
2025-10-17 09:39:23.334559+05:30,110.95,0,
2025-10-17 09:39:24.118807+05:30,111.05,0,
2025-10-17 09:39:24.956180+05:30,110.75,0,
